2872 4778
615 310 828 379 ..38-

290 487 353 545 Iam
381 489 552 548 accedamus
575 488 613 546 ad
634 505 696 546 rem
719 484 910 562 propositam.
954 484 1065 546 Notum
1087 487 1133 544 est
1154 503 1236 546 com·

203 589 365 650 mentarios
391 609 489 650 rerum
521 610 538 648 a
560 590 685 650 (laesere
708 595 857 665 gestarum
879 589 993 649 duabus
1015 586 1163 649 contineri
1185 607 1234 648 co·

203 691 301 752 dicum
316 692 447 753 familiis.
482 692 527 751 De
549 691 643 752 altera
664 711 740 771 quae
759 697 825 751 octo
841 694 956 751 tentum
973 689 1103 752 debello
1119 690 1235 750 Gallico

205 794 297 853 libros
319 796 444 869 praebet
466 795 523 854 hoc
544 795 609 853 loco
630 795 777 869 egendum
800 813 860 853 non
884 797 937 853 est
975 792 1036 852 Hic
1057 793 1095 852 de
1117 813 1153 853 ea
1172 791 1236 851 sola

205 899 406 975 quaerendum
443 901 489 957 est
521 897 655 957 codicum
688 896 781 973 stirpe
813 916 872 976 que
902 895 1002 957 cuncti
1030 894 1235 956 commentarii

204 1004 416 1077 propagantur.
460 999 551 1058 (luius
579 998 711 1058 familiae
744 998 867 1072 codices,
899 997 952 1077 qui
980 996 1037 1058 soli
1066 998 1106 1057 ed
1135 1016 1235 1057 emen·

204 1102 317 1162 dandos
347 1102 573 1163 commentarios
601 1099 738 1161 adhiberi
762 1120 841 1161 nunc
862 1102 970 1176 solent,
999 1099 1032 1159 hi
1053 1104 1124 1160 sunt
1144 1099 1234 1161 libri:

250 1207 276 1263 A
299 1231 343 1256 -=
365 1204 658 1266 Ashbnrnhamensis
681 1223 778 1281 nuper
799 1204 916 1264 demum
938 1205 1071 1265 detectus
1093 1208 1124 1264 et
1144 1203 1234 1279 longe

365 1307 591 1388 antiquissimus
613 1327 688 1368 seeo.
711 1307 759 1367 IX
781 1308 832 1368 vel
853 1306 894 1367 X.

248 1412 272 1469 L
297 1438 341 1462 =
362 1410 518 1471 Leidensis
540 1430 615 1471 saec.
637 1409 713 1469 XII.

247 1515 272 1574 P
297 1542 341 1566 =
362 1513 517 1574 Parisinus
539 1513 604 1573 sive
625 1513 787 1573 'Ihuaneus
808 1531 884 1574 saec.
906 1511 982 1573 XH.

247 1616 274 1675 U
298 1644 342 1668 =
362 1615 539 1676 Ursinianus
561 1635 636 1677 saec.
658 1615 732 1674 XII.

249 1720 274 1778 1⁴*
299 1745 343 1770 =
364 1717 556 1778 Florentinus
579 1737 654 1777 saec.
675 1717 768 1779 XIII.

250 1821 275 1880 V
299 1847 343 1872 =
363 1819 604 1881 vindobonensia
627 1839 702 1880 saec.
725 1819 791 1880 XII
813 1820 863 1880 vel
885 1819 968 1879 XIII
990 1820 1131 1880 ineuntis.

249 1924 276 1982 D
300 1927 331 1982 et
352 1921 369 1981 d
390 1949 435 1974 =
456 1924 514 1982 duo
537 1923 719 1983 Dresdonses
741 1941 817 1982 saec.
839 1922 924 1983 XIV.

290 2027 406 2086 Horum
428 2023 563 2086 codicum
585 2026 668 2096 duos,
690 2027 720 2083 A
735 2023 800 2084 dico
816 2029 847 2085 et
860 2026 895 2097 L,
918 2024 965 2084 W.
982 2025 1123 2089 excussit.
1153 2027 1236 2086 Itali-

206 2148 331 2208 quorum
360 2128 521 2206 scripturas
553 2146 590 2188 ex
620 2126 774 2187 Duebneri
804 2126 936 2188 editione
965 2128 1143 2204 petivimus,
1177 2130 1235 2190 nisi

206 2233 285 2311 qnod
314 2231 447 2291 codicem
477 2232 512 2305 V,
548 2229 606 2290 etsi
635 2232 672 2289 od
703 2231 920 2290 emendandum
950 2230 1085 2292 libellum
1114 2233 1236 2293 omnino

204 2334 282 2395 nihil
312 2334 443 2410 valet1),
474 2353 540 2393 cum
572 2333 610 2392 ad
639 2332 855 2393 restituendam
881 2335 1036 2412 archetypi
1059 2334 1236 2412 scripturam

205 2435 313 2497 summi
342 2455 406 2496 esse
436 2433 579 2495 momenti
608 2434 797 2511 perspexisse
819 2434 906 2494 nobis
928 2436 1107 2512 videremur,
1138 2439 1237 2499 denuo

204 2538 265 2615 ipsi
299 2536 487 2597 contulimus.
538 2540 639 2617 Atque
674 2537 885 2599 benevolentia
919 2543 950 2598 et
980 2540 1236 2601 commendatione

206 2638 379 2714 Kieeslingi,
408 2638 610 2716 praeceptoris
641 2639 858 2715 humanissimi,
887 2660 921 2701 ac
951 2641 1130 2703 liberalitate
1151 2663 1237 2720 prae-

206 2745 352 2803 tectorum
388 2740 636 2801 bibliothecarum
670 2741 902 2818 Argentinansis
937 2751 968 2804 ot
999 2743 1237 2806 vindobonensis

206 2848 317 2906 factum
347 2849 402 2919 ast,
431 2848 466 2903 ut
486 2844 650 2918 Hartelius,
678 2845 727 2905 vir
748 2845 937 2921 clarissimus,
968 2847 1098 2907 codicem
1120 2849 1236 2924 Argen·

207 2953 336 3009 toratnm
357 2947 536 3008 mlttendum
559 2954 683 3009 curaret.
729 2949 839 3008 Facere
860 2968 919 3009 non
942 2970 1070 3028 possum,
1092 2949 1166 3030 quin
1188 2951 1236 3011 hia

206 3051 279 3113 viris
301 3049 490 3125 doctissimis,
512 3070 638 3130 quorum
661 3051 805 3112 beneficio
827 3051 860 3112 id
881 3058 1056 3114 consecutus
1077 3073 1153 3129 sum,
1179 3055 1236 3114 hoc

205 3155 271 3215 loco
293 3154 402 3229 gratias
424 3173 511 3228 agam
532 3174 621 3233 quam
642 3154 795 3214 maximas.

294 3254 528 3336 Quibusounqua
549 3256 644 3331 igitur
664 3257 739 3317 locis
761 3259 797 3317 ab
820 3260 885 3320 Em.
907 3258 1098 3334 Hoffmanno,
1128 3259 1180 3339 qni
1202 3259 1235 3319 in

206 3357 359 3418 Duebneri
373 3357 498 3434 gratiam
513 3359 642 3419 codicem
659 3359 800 3434 excussit,
823 3361 1010 3421 discessimus
1026 3363 1118 3442 (quod
1133 3362 1236 3439 paucis

207 3463 324 3521 tantum
353 3459 428 3521 locis
457 3461 567 3522 factum
598 3461 665 3541 est),
695 3463 878 3525 accuratiore
899 3463 1024 3525 nitimur
1045 3463 1156 3526 codicis
1177 3466 1237 3525 col-

205 3560 328 3626 latione.

276 3733 302 3799 l)
320 3733 402 3784 Semel
428 3735 505 3784 solius
522 3735 723 3786 vindobonensis
747 3737 895 3799 scripturam
912 3739 952 3788 W.
970 3738 1063 3800 recepit
1081 3740 1122 3800 29,
1143 3742 1165 3799 1,
1191 3741 1236 3788 sed

207 3821 343 3869 immeritor
361 3829 453 3870 uernae
471 3857 478 3870 .
494 3854 520 3870 ..
538 3837 599 3883 quoe
615 3823 642 3870 ia
660 3824 815 3871 statione
832 3839 883 3873 ease
900 3824 1013 3873 colebant.
1048 3826 1193 3874 cumcuim
1212 3831 1236 3874 et

206 3907 238 3954 de
255 3908 462 3970 Pompeianorum
487 3914 512 3956 et
535 3910 566 3958 de
584 3907 790 3957 Caeudanorum
808 3916 895 3971 matur
921 3911 1160 3977 stationibus,
1187 3912 1235 3961 hoo

206 4004 261 4038 oum
279 3993 380 4052 reliquis
398 3994 471 4044 codd.
490 3994 645 4044 retinendum
662 3998 708 4043 est.
744 3994 788 4042 cfr.
805 3998 849 4058 46,
866 4000 892 4050 4.
