2872 4778
705 293 918 368 μω..

298 473 405 548 simila‚
429 495 463 535 eo
486 474 694 552 apronomins
716 478 769 534 isti
789 476 906 535 facilius
926 474 1058 535 aberrari
1073 473 1172 552 potuit
1187 495 1277 554 quam
1293 477 1331 535 ab

298 581 369 655 lprs'3
400 578 455 639 cfr.
483 584 529 653 16,
554 582 569 636 l
602 597 652 636 uos
679 597 788 656 queque
817 581 871 637 lete
901 579 994 636 uerbis
1026 578 1206 655 r'usatuum't?
1237 583 1287 650 46,
1311 584 1329 636 2

298 681 431 739 abducite
462 684 533 738 lator
563 713 605 727 -
634 678 749 757 nefario
776 681 885 739 scelere
914 683 1134 740 contaminatos.
1182 678 1271 743 Quod
1297 681 1329 739 in

298 783 358 842 fine
381 783 490 858 legitur
513 792 623 859 egomet
639 786 698 857 ipse
720 783 809 859 plana
828 788 873 842 est
887 782 1086 842 necessarium
1102 789 1137 842 ut
1152 783 1330 859 imperatore

300 905 412 945 summa
435 886 466 945 vi
488 885 703 962 pronuntiante
727 885 868 959 dignum3
893 886 946 945 clr.
963 884 1024 944 Oia.
1039 886 1077 946 ds
1092 885 1158 959 lege
1173 904 1235 959 agr.
1251 887 1294 959 11,
1311 890 1328 943 2

299 988 403 1067 quibus
424 989 527 1047 studiis
549 988 624 1046 lunc
646 988 814 1064 dignitatem
837 996 1005 1045 consecutus
1026 989 1091 1058 sim,
1117 997 1216 1046 mactet
1237 1007 1329 1065 aprum

300 1110 485 1151 commemoro
504 1108 641 1168 perquam
661 1107 752 1166 graue
773 1098 825 1147 est.

385 1199 435 1268 60,
456 1199 472 1250 5
500 1195 671 1269 sagittarios
686 1190 798 1272 [uarie]
819 1188 1011 1269 passtm[que]
1035 1188 1184 1275 lactatque)
1196 1192 1225 1270 ¹)
1244 1196 1332 1251 certis

301 1294 508 1376 maas‘me[que]
532 1292 577 1373 [tn
598 1294 750 1375 cornibus]
771 1296 983 1354 conlocauerat.

387 1401 423 1458 In
447 1397 606 1473 sententia,
629 1397 726 1477 qualis
748 1397 845 1458 evasit
866 1397 946 1473 apud
960 1397 1008 1456 W.
1029 1399 1201 1474 segattarios
1218 1400 1328 1476 passim

301 1505 427 1581 locisque
448 1504 536 1561 certat
559 1503 682 1560 mactate
704 1499 907 1573 collocaverat,
930 1499 1002 1578 quid
1025 1500 1087 1559 sibi·
1108 1500 1185 1561 velit
1198 1503 1330 1575 maxime,

301 1607 390 1682 plane
412 1607 569 1664 obscurum
592 1608 644 1662 est
680 1607 722 1662 At
744 1602 986 1678 compositionem
1009 1605 1089 1662 uarie
1105 1606 1271 1682 passimque
1293 1623 1330 1664 ax

302 1706 414 1781 optimo
446 1704 599 1781 scriptoris
627 1724 684 1763 usu
713 1723 777 1764 esse
806 1704 866 1763 iam
903 1706 1150 1783 Froehl.1pag.
1178 1711 1214 1765 18
1243 1726 1330 1782 argu·

301 1808 411 1867 mentis
433 1807 589 1885 probavit:
614 1807 664 1881 27,
684 1813 702 1864 2
726 1826 815 1884 aegre
838 1809 989 1886 tardeque;
1014 1808 1063 1881 70,
1081 1814 1100 1867 2
1119 1810 1239 1885 placide
1261 1812 1331 1868 lem'-

302 1920 415 1988 terque3
439 1914 524 1983 69,4
547 1927 603 1968 uua
623 1912 792 1987 pariterque
814 1928 876 1986 sqs.
913 1907 1100 1989 Quamquam
1123 1916 1222 1971 autern
1244 1931 1331 1971 vocs-

302 2013 406 2072 bulum
427 2016 529 2071 uarices
551 2030 672 2089 perraro
694 2011 849 2073 invenitur
870 2014 907 2071 de
928 2012 994 2073 luco
1016 2012 1128 2073 dictum
1146 2013 1242 2090 (velut
1257 2015 1330 2074 Hor.

303 2120 357 2176 sat.
376 2117 417 2188 Π,
441 2120 469 2190 2,
487 2120 526 2172 48
550 2116 628 2173 uelut
648 2116 730 2173 siluis
753 2114 804 2172 ult
820 2116 1124 2192 pentapolaeos
1145 2136 1231 2175 error
1252 2126 1331 2175 certo

302 2218 336 2275 de
368 2222 484 2278 tramite
509 2218 606 2293 pellit.
653 2216 708 2275 Ille
728 2220 944 2288 srmr'strorsum,
976 2218 1022 2276 la
1045 2219 1225 2278 dextrorsum
1248 2219 1328 2277 altit:

304 2338 376 2378 unus
388 2322 501 2397 utrique
513 2339 610 2391 error,
624 2320 676 2377 sed
687 2339 705 2376 u
714 2339 733 2378 a
743 2339 760 2376 r
770 2321 824 2377 iis
840 2320 937 2378 illudit
947 2320 1096 2397 partitum
1111 2321 1216 2380 catuli
1229 2327 1279 2396 46,
1294 2326 1327 2380 11

302 2423 434 2480 diuersae
455 2425 558 2482 uariae
580 2424 644 2480 uiae
665 2421 838 2499 reportaret),
869 2426 969 2482 tamen
1002 2424 1061 2483 hoc
1089 2424 1155 2484 loco
1176 2443 1210 2483 so
1233 2423 1332 2483 minus

303 2523 445 2582 adverbio
481 2525 561 2581 uarie
597 2524 798 2599 offendamur,
835 2544 902 2590 cum
938 2526 1037 2585 statim
1074 2528 1255 2604 explanetur
1284 2527 1331 2586 in·

304 2624 443 2702 sequenti
470 2627 648 2703 passimque3
682 2627 735 2686 alr.
767 2633 921 2703 praeterea
949 2629 1048 2688 locum
1079 2628 1207 2688 similem
1237 2634 1288 2704 31,
1312 2636 1327 2689 l

303 2758 343 2770 —-
366 2728 527 2786 minutatim
558 2728 733 2807 modesteque
761 2733 823 2790 estre
854 2732 977 2789 tumultu
1008 2740 1060 2790 aut
1089 2741 1201 2790 terrare
1231 2751 1263 2790 se
1283 2751 1330 2790 rc-

302 2831 414 2907 cipere,
453 2849 516 2909 quo
549 2831 614 2890 loco
650 2851 717 2890 cum
755 2851 810 2892 nec
841 2837 1003 2894 minutatim
1034 2834 1194 2894 solemnem
1222 2834 1331 2894 habeat

289 2930 551 3006 significationem
573 2933 735 3013 (significat
750 2935 830 2995 enim
842 2936 998 3014 paulatim)
1020 2956 1076 2997 uec
1091 2937 1213 2996 modeste
1227 2938 1330 2998 eodem

303 3054 391 3094 sensu
412 3036 519 3113 (anemo
540 3057 596 3096 noa
616 3038 787 3114 perturbata
802 3038 862 3116 W.)
885 3038 994 3100 iterum
1016 3039 1196 3114 inveniatur,
1218 3046 1331 3101 utrum·

304 3157 361 3216 que
384 3139 564 3214 explanatur
585 3139 811 3219 insequentibus
832 3144 895 3200 satae
917 3145 1039 3202 tumultu
1060 3153 1113 3202 aut
1130 3153 1254 3203 terrore.

388 3239 543 3313 Sagittarii
574 3247 671 3302 autem
706 3244 889 3304 collocantur
919 3252 971 3305 aut
1003 3251 1101 3306 ants
1132 3247 1226 3307 aciem
1256 3245 1330 3305 locis

303 3342 479 3417 opportunis
501 3344 568 3421 (alr.
596 3349 642 3420 13,
661 3351 679 3403 2
702 3349 874 3424 sagattarr‘as
896 3352 1072 3409 anteactam
1094 3349 1258 3427 constituit)
1279 3353 1331 3408 aut

303 3443 336 3501 in
368 3442 525 3506 cornibus:
558 3448 614 3507 hoc
635 3448 700 3509 locu
722 3450 850 3527 scriptor
871 3453 964 3512 refert
986 3453 1138 3514 Caesarem
1159 3452 1331 3529 sagittarios

304 3545 495 3608 constituisse
524 3569 590 3609 cum
622 3551 706 3613 varis
732 3553 901 3634 passimque
930 3561 999 3615 ante
1027 3556 1120 3617 aciem
1144 3556 1219 3617 locis
1240 3555 1331 3616 certis

303 3648 335 3728 (i.
352 3669 378 3711 a.
402 3651 592 3731 opportunis)
612 3659 676 3715 tum
697 3655 835 3733 inprimis
855 3657 888 3716 iu
911 3659 1058 3720 cornibus.

375 3911 401 3971 1)
417 3924 462 3971 que
479 3909 575 3958 addidit
592 3911 633 3959 W.
651 3925 708 3961 aum
727 3912 757 3964 L.
