2872 4778
545 343 759 418 229„

220 525 359 585 Nondum
391 533 488 586 autem
519 540 758 602 argumentorum
782 527 867 604 copia
890 528 1043 586 exhausta.
1087 525 1165 586 Nem

133 627 307 704 scriptorem
339 629 469 704 cogitata
503 629 631 689 dilucide
661 629 829 706 exprimere
860 649 919 688 non
947 648 1033 705 posse
1057 628 1085 688 ei
1107 629 1164 688 loci

133 764 284 824 subportatus
309 770 376 825 erat3
405 766 521 811 alteram:
544 779 646 824 :reaper
663 764 723 811 anai
738 772 829 824 tempas
846 764 872 810 irs
889 763 954 810 mari
970 764 1060 810 classes
1076 763 1166 823 vacari

128 858 254 912 poteraat3
274 852 385 898 tertiam:
403 864 476 908 aeque
493 850 597 909 amplias
613 850 683 896 adea
695 865 813 910 passuum
837 850 873 894 VI
888 857 966 896 terrae
984 849 1087 909 Asrr'eae
1105 863 1163 907 qao-

133 950 179 994 qao
190 950 271 984 aereas
283 935 408 998 tenebam
426 942 553 994 quartam:
567 935 700 995 pabulique
712 937 797 996 iaopea
809 935 988 995 premebantur,
1015 937 1064 982 Sed
1079 935 1163 982 statim

133 1024 213 1069 altera
232 1037 281 1069 uon
300 1035 391 1068 novam
409 1035 521 1067 annonae
539 1035 639 1068 oausam
656 1023 745 1080 adfert,
764 1021 808 1068 sed
823 1022 928 1081 primam
941 1020 1062 1080 explicat3
1080 1020 1163 1078 itaque

133 1108 305 1154 coniunctione
324 1122 376 1154 eum
394 1108 416 1154 ei
435 1107 549 1166 subiungi
569 1107 682 1154 debebat.
718 1107 836 1154 Similiter
861 1114 949 1165 quarta
966 1121 1015 1153 nou
1034 1114 1163 1152 causaest

132 1194 201 1240 illius
226 1195 269 1252 rei,
298 1194 341 1240 sed
360 1208 389 1240 ex
408 1193 481 1239 tertia
498 1186 659 1240 consectaria.
696 1192 814 1240 Similiter
832 1194 874 1252 42,
897 1197 1000 1251 lacque
1018 1206 1047 1238 ea
1064 1204 1091 1237 eo
1109 1191 1162 1238 loeo

133 1279 266 1337 Scipionem
279 1277 398 1339 propreda'
409 1278 514 1338 propias
531 1291 556 1324 ee
567 1279 776 1326 aaiaeadoertr'seet
788 1278 886 1336 haecque
899 1292 924 1324 ee
936 1277 1013 1336 asapia
1026 1275 1161 1335 defendere,

133 1381 204 1424 qaam
221 1367 248 1411 ia
265 1379 350 1427 campo
368 1364 496 1411 commistae
514 1365 643 1411 consistere
658 1365 747 1411 audere
764 1399 805 1412 ...
825 1365 903 1410 verbs
913 1364 1010 1422 locoque
1021 1395 1044 1410 ..
1056 1401 1061 1412 .
1074 1362 1164 1409 eadere

132 1465 181 1497 non
206 1453 265 1497 novi
291 1450 385 1508 aliquid
411 1450 507 1508 docent,
534 1451 600 1508 quod
618 1450 708 1496 Cacsar
732 1451 791 1497 item
815 1450 1031 1507 animadverterat,
1060 1449 1103 1495 sed
1120 1463 1161 1494 ex-

131 1537 231 1596 plicant,
249 1551 292 1582 cur
304 1536 387 1595 Scipio
405 1535 506 1595 propius
524 1548 575 1581 non
593 1536 734 1610 accesserit..
760 1535 856 1581 Eodem
873 1548 974 1594 prorsus
992 1534 1067 1580 modo
1079 1535 1161 1580 statim

133 1624 158 1668 io
177 1623 351 1680 sequentibus:
375 1634 423 1666 aaa
440 1627 474 1667 est
491 1621 545 1666 aisa
562 1622 627 1667 ratio
640 1621 744 1681 propias
762 1620 893 1667 accedendi
910 1655 916 1668 .
931 1653 937 1667 .
953 1654 975 1679 .‚
996 1618 1112 1679 'quoniam
1128 1619 1164 1665 ios·

127 1708 279 1767 praesidium
293 1706 427 1754 Numidare
444 1720 494 1752 esse
511 1713 653 1766 eopnooerat
670 1708 792 1765 hostesque
808 1707 913 1754 mediam
929 1706 1005 1752 aciem
1021 1731 1055 1741 -
1072 1707 1161 1768 oppido

130 1795 215 1841 texisse
232 1801 254 1840 et
271 1793 319 1840 stes·
330 1792 429 1853 dp‘fioile
441 1819 475 1827 —
487 1806 536 1839 esee
548 1793 662 1839 iaaaoea
675 1830 679 1840 .
691 1826 697 1838 .
708 1828 714 1839 .
727 1793 840 1854 oppidum
851 1807 898 1839 aaa
910 1799 1013 1853 tempore
1024 1807 1163 1854 oppapaare

131 1886 153 1926 et
172 1880 199 1926 e'a
215 1881 268 1926 aoe'e
287 1893 400 1939 papaare
416 1878 494 1926 verba
511 1879 634 1937 latusque
652 1913 658 1926 .
674 1916 700 1928 ..
720 1879 805 1927 texisse
824 1895 873 1927 uon
892 1894 921 1926 ea
939 1881 1073 1940 continent,
1098 1895 1160 1939 quae

131 1967 221 2012 Caesar
238 1967 282 2012 illo
300 1975 411 2025 tempore
429 1967 547 2023 cognovit
565 1969 632 2029 (uem
651 1966 696 2013 cir.
711 1968 755 2024 41,
769 1966 795 2030 ὃ)
816 1967 859 2013 sed
878 1979 978 2013 oausam
996 1967 1099 2026 addunt,
1117 1982 1161 2014 cur

130 2053 231 2099 Caesari
248 2057 273 2099 et
291 2051 410 2111 oppidum
428 2053 620 2110 oppugnandum
639 2058 664 2098 et
681 2053 706 2096 in
726 2053 779 2098 acie
792 2052 969 2098 decertandum
980 2055 1061 2098 tuerit.
1088 2053 1160 2100 Simi-

130 2139 186 2184 liter
205 2139 280 2197 24,4
306 2138 416 2184 veterani
441 2137 531 2184 milites
557 2137 671 2196 periculis
696 2137 828 2196 inopiaque
854 2139 898 2182 tali
924 2151 997 2196 saepe
1014 2143 1085 2184 erant
1102 2152 1159 2184 oon·

131 2224 225 2282 limati,
244 2237 315 2269 cum
333 2223 410 2267 multa
428 2221 495 2268 bella
506 2223 678 2281 coniecissent,
697 2225 741 2269 sed
753 2225 872 2281 scriptor:
891 2223 975 2267 milites
987 2222 1101 2280 veterani,
1121 2223 1163 2282 qai

130 2309 204 2356 multa
223 2344 267 2358 ...
286 2308 349 2355 bella
367 2307 524 2367 eoaseoseseut
541 2315 570 2354 et
583 2308 699 2368 perieulis
716 2308 846 2369 inopiaque
862 2309 909 2354 taie'
926 2323 996 2368 saepe
1014 2314 1089 2355 esseest
1107 2323 1161 2356 aare·

126 2395 220 2455 flietati.
252 2398 321 2455 28,2
341 2395 450 2440 Salienus
469 2426 529 2454 ...,
548 2396 590 2452 qai
610 2397 643 2442 M.
661 2395 792 2440 Messalam
811 2429 836 2441 ..
853 2430 857 2440 .
877 2393 1002 2441 obsederat
1020 2394 1158 2444 ...idem-

131 2496 175 2540 qae
193 2488 333 2528 ornamenta
350 2479 465 2540 resumpti
476 2477 589 2527 Caesarie
606 2481 731 2527 retinenda
751 2517 755 2528 .
772 2513 798 2528 ..
816 2487 917 2528 careret
934 2487 956 2527 et
972 2480 1001 2527 ob
1012 2481 1058 2527 leae
1070 2494 1159 2527 oaaeas

129 2567 176 2614 siet
191 2567 288 2613 timebat
307 2566 384 2612 verba
401 2566 431 2613 ob
447 2567 492 2613 leae
510 2581 599 2613 caueae
616 2568 715 2628 docent,
741 2581 804 2626 quae
822 2571 855 2616 sit
872 2571 959 2614 trorum
978 2569 1159 2614 enuntiatorum

128 2655 199 2702 ratio.
230 2654 308 2699 Porro
327 2667 399 2698 cum
417 2652 510 2699 Caesar
527 2654 554 2698 in
570 2653 681 2700 hibernis
700 2655 835 2701 exercitum
853 2667 903 2700 non
916 2654 1060 2713 contineret,
1078 2654 1158 2700 sedin

129 2741 201 2787 tertio
225 2744 361 2797 quartoque
386 2738 426 2786 die
452 2740 609 2798 procedendo
635 2746 717 2787 castra
743 2742 919 2799 communiret,
945 2754 1019 2799 opere
1043 2740 1158 2788 iaciendo

129 2827 219 2873 milites
237 2839 264 2872 se
282 2824 495 2884 circumspiciendi
513 2839 563 2871 non
582 2824 708 2872 habebant
726 2827 876 2874 facultatem,
903 2826 952 2873 Scd
970 2825 1128 2886 scriptorii,
1143 2830 1156 2873 ‘l

128 2912 165 2959 ad
181 2913 226 2958 leae
243 2937 277 2946 -
296 2910 467 2957 incommodam
485 2917 627 2971 accesserat,
645 2911 710 2970 qaod
721 2910 813 2958 ansar
829 2925 878 2958 :roa
895 2944 940 2958 ...
959 2919 1087 2958 exereitum
1103 2925 1159 2957 eoa·

128 2997 226 3057 tlaebat,
252 2997 296 3044 sed
318 2997 344 3042 e'a
368 2999 437 3043 unio
460 3003 591 3056 quartoque
609 2997 647 3043 die
732 3004 815 3044 caetra
832 2997 998 3057 commanebat,
1024 3011 1159 3058 opereque
1238 3035 1244 3048 ,

125 3083 241 3145 faciendo
266 3083 353 3130 molitas
377 3097 401 3130 ee
424 3082 633 3143 oirercmeps'oieade'
656 3098 703 3129 aaa
727 3083 844 3130 habebant
863 3083 1017 3142 facultatem.
1054 3083 1158 3142 Saepius

129 3172 234 3229 denique
258 3170 320 3216 haec
344 3169 469 3228 parataxis
494 3169 619 3216 invenitur
641 3170 667 3216 in
685 3176 809 3217 structura
826 3170 930 3216 ablativi
948 3170 1063 3228 absoluti,
1089 3171 1158 3216 velut

129 3259 171 3315 41,
192 3261 203 3303 1
224 3255 307 3314 Scipio
324 3255 374 3301 saie
390 3255 584 3315 maleacoepte'e,
605 3256 690 3302 aeaeis
709 3256 929 3314 coaosdaerate'sque
945 3257 1012 3302 iutra
1029 3270 1088 3302 scae
1104 3270 1158 3302 eoa-

128 3343 203 3389 tiaere
220 3355 244 3388 ee
261 3341 403 3388 munitiones
420 3341 503 3400 coepit.
540 3343 611 3389 Alter
629 3342 754 3388 ablativus
772 3343 858 3388 occisae
876 3357 951 3400 corto,
971 3345 1013 3402 qui
1031 3357 1061 3389 ex
1079 3356 1158 3402 aequo

129 3429 257 3489 adpositus
274 3431 313 3475 cst
329 3426 406 3487 priori
420 3428 471 3474 eae'e
482 3426 544 3474 mole
555 3429 668 3491 acceptis,
687 3430 709 3475 ei
722 3429 908 3490 subiungendus
921 3431 980 3476 luit:
1000 3444 1052 3476 eam
1064 3430 1158 3488 partim

128 3521 204 3562 esseut
221 3515 302 3573 oaesi,
314 3513 409 3574 partim
428 3513 597 3562 eoaerelaeratr'.
633 3515 752 3563 Similiter
770 3518 811 3576 34,
832 3517 960 3564 fitandem
978 3517 1028 3562 sais
1044 3517 1157 3562 adoratis

128 3616 271 3660 aaaoaaque
287 3600 384 3663 leuata3
403 3602 447 3648 cir.
466 3609 594 3661 praeterea
611 3603 643 3648 ad
661 3604 702 3661 at,
721 3606 745 3650 4.

197 3688 266 3735 Idem
293 3688 540 3736 animadvertendum
565 3694 604 3736 eat
626 3687 652 3734 in
677 3689 859 3737 constructione
883 3689 1008 3750 participii
1026 3688 1157 3746 coniuncti,

129 3775 199 3822 velut
218 3778 243 3836 3,
263 3778 277 3823 ³
296 3773 388 3822 Caesar
406 3775 498 3822 circum
515 3774 642 3835 oppidum,
668 3783 696 3822 ut
714 3776 762 3822 loci
780 3780 894 3822 naturam
911 3776 1069 3836 perspiceret,
1094 3787 1157 3833 equo

129 3866 215 3908 vectus
240 3860 266 3908 in
289 3865 371 3909 eastre
394 3860 475 3908 rediit.
513 3860 625 3921 Scriptor
649 3870 730 3909 autem
757 3862 804 3909 hoe
828 3862 981 3908 encaustum
1004 3864 1040 3909 sic
1061 3865 1158 3908 contor-

129 3949 222 3995 mavit:
235 3944 327 3994 Caesar
339 3946 427 3993 &aare
440 3947 552 4008 oppidem
564 3955 643 3996 aeetae
654 3955 745 3996 actara
756 3949 805 3996 loos'
810 3956 938 4010 perspecta
950 3948 1023 3995 rediet
1033 3948 1059 3995 e'a
1068 3954 1158 3994 caetra.

198 4034 278 4081 Huius
301 4033 465 4094 componendi
483 4035 594 4082 laxitatis
613 4038 725 4096 exempla
742 4038 825 4095 aliqua
842 4041 937 4082 tantum
955 4051 986 4083 ex
1003 4043 1073 4099 parte
1091 4037 1158 4084 simi-

129 4118 186 4168 liter
203 4124 347 4184 comparata
364 4119 456 4168 trusus
474 4120 628 4182 quaesiveris
646 4122 671 4169 in
690 4122 810 4172 Pollionis
828 4122 936 4186 scriptis.
