2872 4778
535 397 747 463 ..99-

125 591 184 650 quo
206 590 336 632 summus
359 572 423 631 dux
440 571 505 648 ipse
521 570 698 646 abstinebat,
720 573 883 649 vituperat,
906 573 1018 653 quique
1033 571 1153 635 omnino

124 675 156 734 in
184 675 307 734 dubium
329 679 426 748 vocat,
458 674 613 750 possintne
636 675 789 752 elephanti
812 678 884 735 adeo
907 677 1033 750 edoceri,
1064 677 1153 736 utin

124 797 224 854 pugna
246 777 333 837 suis
355 798 415 837 non
439 777 501 837 sint
522 778 627 838 maiori
649 779 828 840 detrimento
851 799 938 859 quam
961 780 1153 840 hostibus.

125 881 190 939 Hoc
218 879 297 939 enim
321 880 470 955 significat
491 884 635 940 communi
650 884 783 958 periculo
805 907 848 935 =
870 885 1013 941 communi
1032 885 1153 941 omnium

124 985 197 1059 (tam
228 983 387 1042 amicorum
416 1003 504 1063 quam
527 983 669 1063 hostium)
698 986 839 1062 periculo.
886 985 973 1050 Quod
994 987 1042 1046 W.
1065 985 1154 1046 intel·

124 1085 200 1146 laxit
215 1088 249 1144 in
264 1089 408 1144 communi
421 1089 543 1144 omnium
560 1085 633 1163 (tam
648 1088 865 1148 bestiarum
883 1109 970 1168 qnam
985 1088 1153 1167 bominum)

121 1190 261 1266 periculo,
284 1189 373 1266 plane
396 1191 537 1256 absonum
560 1194 614 1250 cst.

211 1297 261 1367 28,
286 1298 300 1351 l
336 1293 368 1350 C.
394 1293 543 1369 Vergilius
571 1327 613 1337 —
643 1312 741 1352 nucem
770 1326 812 1338 —
841 1298 1004 1356 netunrr'nm
1033 1297 1155 1373 complet

124 1394 262 1454 militibus
285 1428 325 1438 -
348 1405 377 1453 et
397 1397 486 1454 eidem
508 1397 631 1473 scnpllcr
653 1392 855 1479 [lenonibus]
878 1398 1023 1475 adiungit.

209 1497 362 1558 Immerito
386 1498 433 1558 W.
464 1499 556 1558 verba
586 1499 620 1556 de
648 1499 768 1556 necibus
800 1501 884 1559 uncis
913 1501 1033 1577 saepsit.
1078 1501 1153 1559 Nam

124 1600 274 1677 Vergilius
304 1600 453 1661 actuariae
476 1600 613 1677 adiungit
633 1603 767 1678 soapbes,
797 1623 870 1682 quas
892 1605 929 1663 de
950 1603 1077 1666 novibus
1100 1603 1152 1681 (sc.

124 1704 252 1778 aliis,
277 1710 329 1764 out
362 1709 396 1764 ut
429 1709 513 1780 patet
546 1725 584 1763 ex
616 1704 765 1765 contrario
798 1705 946 1784 longis)
979 1707 1153 1766 deduxerat.

125 1808 223 1868 Naves
244 1811 342 1868 autem
364 1809 468 1882 longas
490 1807 609 1884 scaphis
632 1808 791 1869 instructas
813 1809 904 1869 fnisse
919 1810 1062 1887 probatur
1082 1809 1152 1869 bell.

124 1910 199 1970 Gall.
215 1912 269 1984 IV,
294 1916 379 1985 26,4
401 1912 527 1988 scaphae
549 1911 700 1987 longarum
724 1916 837 1971 nactum
859 1948 901 1959 -
925 1913 1064 1972 militibus
1079 1931 1152 1970 come

120 2015 201 2092 pleri
220 2017 312 2075 ruerit.
349 2014 419 2076 bell.
442 2013 499 2074 civ.
520 2015 578 2087 ΙΙΙ,
602 2019 684 2088 24,1
709 2015 831 2092 scaphae
852 2018 967 2074 nauium
983 2033 1152 2091 magnarum

124 2117 252 2175 cratibus
274 2151 316 2162 --
338 2119 476 2176 contenit.
523 2118 741 2193 Exspectamus
772 2137 843 2176 sone
871 2117 937 2176 voci
969 2120 1004 2175 dc
1031 2117 1152 2176 narretur

124 2220 300 2280 attributum
323 2220 402 2293 addi,
425 2239 484 2299 quo
506 2219 691 2280 discernatur
713 2221 750 2279 ab
773 2220 912 2280 actuaria.
953 2220 1012 2279 Sed
1033 2239 1153 2296 prorsus

124 2322 263 2382 similiter
294 2323 422 2400 scriptor
451 2325 529 2382 hanc
561 2322 837 2384 determinationem
861 2322 961 2383 omisit
983 2329 1032 2397 36,
1056 2328 1074 2381 2
1097 2342 1152 2402 quo

114 2427 242 2504 facilius
264 2435 293 2484 ct
311 2426 487 2505 frumentum
509 2435 536 2483 el
557 2429 659 2505 copiae
680 2446 751 2486 scene
772 2436 985 2500 conserventur,
1010 2445 1068 2504 quo
1086 2427 1152 2485 loco

123 2549 187 2587 eum
209 2532 391 2590 frumentum
412 2530 511 2606 ipsum
536 2529 576 2589 sit
590 2549 606 2588 e
621 2530 716 2606 copiis
732 2534 921 2607 exspectatur
935 2532 1036 2608 copiae
1051 2525 1151 2612 (alenc)

122 2631 186 2692 sive
210 2629 372 2715 (reliquae).

209 2741 259 2810 28,
276 2741 295 2795 4
315 2739 433 2814 petci'sce
456 2737 562 2795 dicitur
585 2739 678 2796 maior
703 2739 796 2796 Titius
818 2757 835 2795 n
858 2736 1084 2809 centurionibus,
1110 2739 1155 2795 uti

123 2858 152 2896 se
172 2841 298 2916 priorem
322 2836 419 2919 [quam
438 2837 577 2920 fratrem]
601 2838 804 2914 interficerent,
837 2839 920 2916 idque
942 2839 978 2897 cb
1000 2842 1041 2897 eis
1058 2840 1152 2917 sncilc

123 2946 291 3020 impetrasse
313 2939 412 3023 [utque
435 2945 475 3001 ito
497 2962 559 3000 esse
580 2938 772 3022 intersertos}
882 3005 885 3008 ⁴

210 3047 277 3105 Hoc
301 3046 365 3106 loco
388 3046 436 3107 W.
459 3065 525 3104 eum
547 3047 639 3106 verbe
660 3063 744 3122 quam
764 3043 890 3122 fratrem
913 3043 1002 3122 (quae
1024 3042 1152 3120 scriptor

123 3150 231 3225 posuit,
262 3150 332 3229 quia
361 3149 394 3209 in
424 3149 468 3208 cie
495 3153 559 3209 tota
590 3148 678 3208 huius
707 3146 765 3208 loci
787 3146 834 3207 vis
856 3146 948 3224 inest)
978 3151 1041 3206 tum
1064 3155 1150 3225 utque

123 3255 162 3309 r'tn
184 3272 246 3310 csse
268 3251 435 3330 interfector
457 3251 587 3312 seclusit.
632 3249 896 3326 Interpclationem
929 3249 1008 3310 enim
1033 3249 1150 3310 ostendi

123 3356 298 3431 impetrandi
307 3356 393 3416 verbi
407 3338 623 3430 significatione
638 3359 669 3414 et
684 3353 851 3414 accusativo
867 3352 1035 3432 interfectos
1047 3358 1150 3413 contra

121 3458 378 3532 grammaticorum
409 3462 568 3536 praccepta
598 3477 615 3516 a
644 3459 752 3517 dicitnr
781 3475 935 3533 suspenso.
984 3460 1027 3516 At
1055 3456 1150 3516 maior

123 3559 220 3620 'l'itius
249 3581 266 3620 a
294 3561 518 3622 centurionibus
549 3559 732 3638 impetravit,
763 3559 809 3618 uti
839 3579 871 3618 se
901 3557 1031 3635 priorem
1056 3558 1148 3618 inter-

122 3663 256 3739 ficerent,
288 3685 347 3724 non
369 3668 467 3724 autem
489 3669 525 3725 ut
547 3683 578 3723 se
600 3665 781 3741 fratremque
804 3667 946 3722 necarent
970 3661 1037 3739 (cfr.
1060 3663 1149 3719 enter-

111 3766 251 3846 sectns).
295 3769 382 3828 Unde
413 3768 500 3827 simul
529 3767 663 3847 seqnitur
692 3765 894 3826 accusativum
925 3783 951 3825 c.
974 3763 1045 3836 int,
1079 3761 1149 3841 quia

122 3871 286 3932 subiectum
309 3875 449 3945 mutetur,
472 3870 670 3931 necessarium
691 3868 792 3929 fuisse.
830 3867 956 3927 Accedit
970 3866 1058 3946 qnod,
1081 3885 1147 3925 cum

121 3978 270 4035 structura
291 3993 345 4051 per
365 3974 549 4036 infinitivum
570 3974 770 4046 continuatur,
792 3969 993 4031 accusativum
1009 3967 1148 4045 excipere

119 4078 337 4141 nominativum
360 4077 427 4138 aliis
449 4076 596 4155 exemplis
618 4076 739 4157 probari
758 4079 866 4153 potest,
888 4074 973 4136 velut
987 4073 1048 4134 Oia.
1062 4074 1148 4136 Taso.

904 4172 943 4233 7*
