2872 4778
599 372 833 440 —125-

201 571 237 609 ere
258 569 312 608 sau
334 549 535 608 consuetudine
549 550 597 610 W.
613 549 822 628 interpolatori
837 547 994 626 adscripsit
1009 553 1089 608 ratus
1105 549 1230 610 fortasse

201 655 274 713 haec
296 656 388 712 verba
407 655 509 712 eadem
524 653 692 728 significare
707 659 796 731 atque
812 652 1034 712 antecedentia:
1053 663 1229 730 precatura

201 777 254 815 artu
280 766 309 814 et
333 777 389 834 pro
413 759 560 816 restitero:
593 763 624 815 at
646 756 773 832 scriptor
796 776 861 817 cum
884 755 1018 815 Caesaris
1041 755 1229 815 clementiam

202 859 346 919 extollere
377 858 466 931 velit,
497 859 545 917 his
574 859 688 919 indicat
710 860 862 918 Caesarem
893 859 1059 918 solitum
1085 877 1149 917 esse
1171 858 1230 917 cle-

201 962 343 1022 mentiam
365 963 465 1041 sequi,
499 982 574 1040 quae
597 969 627 1021 ct
649 984 667 1021 a
689 967 836 1022 natura
858 963 886 1020 ei
907 963 1012 1021 innata
1034 965 1098 1020 erat
1120 968 1150 1021 et
1172 981 1231 1039 qna

201 1066 245 1124 uti
275 1065 374 1124 studio
403 1063 568 1125 animorum
599 1065 658 1124 sibi
688 1065 941 1124 conciliandorum
974 1068 1135 1124 commotus
1165 1063 1230 1123 in-

202 1167 407 1227 stituerat.
664 1234 666 1238 ,

287 1276 336 1343 90,
363 1277 376 1330 1
413 1272 557 1330 Uticenses
586 1269 726 1352 [recolas]
756 1272 923 1331 cohortatus
944 1273 1063 1348 gratius
1090 1301 1132 1313 -
1159 1271 1229 1345 egit,

201 1376 277 1431 ciues
306 1384 399 1432 uatem
422 1376 562 1433 Romanos
584 1373 792 1454 [negotiatores
822 1385 851 1433 et
872 1371 946 1454 eos],
982 1377 1033 1452 qur'
1059 1372 1150 1453 [atter
1173 1381 1231 1430 tre-

202 1474 313 1554 centos]
340 1481 477 1554 pecatores
509 1477 693 1536 contulerunt
715 1480 790 1536 Vara
819 1487 847 1536 et
876 1480 1011 1556 Serpr'cnr'
1038 1510 1080 1520 -
1108 1485 1141 1534 at
1168 1478 1231 1534 sr'rre

203 1590 277 1637 mem
294 1582 449 1656 prodirent
469 1581 565 1638 edr'er't.

288 1683 398 1744 Dedita
427 1703 517 1759 opera
540 1683 684 1743 discernit
705 1683 832 1761 scriptor
853 1683 1009 1745 Uticenses
1030 1683 1142 1743 incolas
1164 1701 1231 1742 ver-

201 1787 337 1860 naculos,
371 1787 423 1864 qui
456 1787 588 1846 Caesaris
619 1787 754 1864 partibus
786 1790 928 1848 favebant
961 1789 1026 1867 (cfr.
1059 1787 1108 1860 87,
1131 1790 1230 1855 3-63

205 1896 253 1964 88,
274 1892 314 1967 5),
337 1911 355 1949 a
377 1891 493 1949 civibus
516 1890 667 1965 Romanis,
692 1892 744 1969 qui
766 1892 808 1951 ibi
832 1892 1017 1968 negotiorum
1039 1909 1127 1949 causa
1150 1888 1231 1967 (nam

202 1993 290 2052 aliam
312 1994 345 2052 in
367 1992 523 2069 provincia
545 1994 673 2068 degendi
696 2013 812 2053 causam
827 1993 955 2055 Romani
976 1993 1057 2053 cives
1072 1993 1127 2050 vix
1141 1993 1231 2049 habe·

202 2098 282 2168 bant,
304 2096 358 2156 cfr.
379 2096 456 2155 Plut.
473 2095 544 2156 Cato
567 2096 643 2156 min.
667 2096 721 2174 59)
743 2097 954 2157 consistebant.
991 2097 1099 2173 Itaque
1122 2095 1232 2153 recolor

202 2207 232 2257 et
246 2202 441 2276 negctrutores
456 2199 650 2259 offensionem
665 2200 778 2260 nullam
794 2202 945 2277 praebent.
973 2201 1019 2258 Ex
1034 2199 1083 2259 his
1098 2196 1232 2272 negotia·

202 2303 317 2362 toribus
347 2303 476 2363 trecenti
505 2304 681 2380 amplissimi
709 2305 859 2364 aOatone
882 2303 970 2362 electi
992 2308 1093 2374 erant,
1124 2300 1231 2378 quibus

202 2412 335 2464 uteretur
367 2406 569 2467 senatoribus:
600 2427 669 2467 nam
692 2427 752 2467 non
775 2427 877 2467 omnes
900 2405 1098 2482 negotiatores
1120 2405 1152 2462 in
1174 2404 1232 2462 hoc

202 2516 308 2567 senatu
342 2509 432 2569 fuisse
464 2512 530 2587 ipso
563 2510 597 2570 fit
629 2510 792 2585 verisimile
825 2530 959 2570 numero.
1012 2511 1119 2588 Itaque
1152 2512 1232 2566 recte

203 2610 346 2671 discernit
375 2613 503 2692 scriptor
533 2614 612 2675 inter
642 2620 800 2689 trecentos,
835 2615 872 2674 de
894 2614 1003 2693 quibus
1025 2611 1096 2674 solis
1118 2610 1232 2689 aliquid

203 2715 277 2773 certi
308 2716 442 2775 criminis
464 2718 571 2776 Caesar
600 2721 732 2795 proferro
760 2717 860 2795 potuit
888 2716 1060 2795 (propterea
1089 2714 1134 2774 eis
1160 2712 1231 2773 solis

204 2822 265 2889 (90,
282 2822 311 2889 2)
333 2837 408 2877 nuo
431 2818 588 2878 nomine
610 2821 741 2895 multa1)
755 2819 942 2898 imponitur),
958 2824 989 2878 et
1000 2819 1081 2897 inter
1097 2816 1230 2892 negotia·

203 2927 284 2981 tores
311 2920 495 3001 reliquos
525 2921 589 2999 (cfr.
612 2923 650 2983 ad
672 2929 722 2998 28,
748 2925 788 3002 1),
818 2923 926 3004 quibus
953 2922 985 2983 id
1008 2923 1102 2982 solnm
1125 2919 1230 2980 sceleri

203 3032 320 3083 vertere
350 3024 457 3101 potuit,
488 3026 566 3105 quod
588 3048 648 3088 non
672 3032 776 3090 contra
797 3028 937 3088 Catonem
959 3027 1101 3086 fecerant.
1145 3023 1230 3081 Unde

204 3127 292 3186 simul
319 3134 443 3206 apparet
473 3132 549 3188 inter
578 3141 717 3190 trecentos
746 3131 802 3209 (=
823 3151 886 3190 eum
914 3129 1040 3208 sur'sseut
1064 3131 1086 3186 τ’.
1113 3137 1151 3185 tr.
1185 3124 1229 3183 ule

204 3233 372 3308 Me'tglieder
394 3234 445 3291 der
469 3234 522 3312 tr.)
544 3235 640 3295 locum
661 3235 720 3294 sibi
741 3235 911 3295 vindicare:
934 3254 1002 3294 nam
1026 3250 1143 3292 eausam
1159 3247 1229 3289 cou-

204 3334 289 3409 tinet,
313 3356 371 3414 qua
385 3336 561 3414 explicetur,
577 3358 630 3398 eur
644 3358 712 3415 pars
727 3344 843 3399 tantum
857 3338 1074 3413 negotiatorum
1090 3331 1231 3412 pecunias

204 3441 373 3502 contulerit.

290 3550 340 3618 91,
364 3551 381 3603 3
413 3545 464 3605 udi
491 3567 539 3606 eos
565 3556 699 3625 perstare
723 3549 752 3607 r'a
775 3549 917 3607 sententia
938 3544 1142 3606 animaduertit
1163 3537 1230 3620 [nee

204 3649 287 3707 minis
309 3669 344 3707 ne
363 3650 500 3724 precibus
520 3654 581 3710 suis
602 3655 712 3712 moveri
731 3672 785 3731 quo
808 3655 953 3730 mugisse
975 3642 1163 3726 reciperem}

274 3912 298 3980 1)
317 3915 375 3962 Sine
402 3917 454 3964 ullo
480 3912 556 3963 dubio
581 3913 638 3962 bis
664 3914 765 3962 miliens
791 3913 930 3962 sestertium
955 3910 991 3959 eis
1015 3907 1158 3970 impositum
1182 3907 1229 3953 est.

203 4000 267 4047 Nam
292 4005 367 4065 90,3
393 4005 462 4051 solus
487 4004 565 4052 codex
588 4017 606 4054 rr
631 4003 668 4051 bio
692 4002 789 4062 omittit,
815 4015 888 4061 quem
913 3999 1020 4047 editores
1037 4009 1123 4044 omnes
1140 3991 1230 4041 iniuria

203 4089 280 4138 secuti
297 4092 362 4139 sunt.
