2872 4778
617 356 830 424 ..69-

688 647 749 717 ΠΙ.

206 793 255 849 De
283 789 424 859 reliquis
450 789 535 848 locis
560 790 835 860 interpolationis
855 792 1042 862 suspicioni
1063 794 1233 854 obnoxiis.
1269 862 1271 866 Α
1386 793 1388 797 ’

294 945 320 1016 1,
341 945 360 998 4
383 959 445 999 curn
463 943 636 1018 praesertim
659 941 697 1000 nb
718 943 823 1001 incolis
844 944 906 1002 eius
924 946 1096 1021 proorncu'ue
1117 949 1232 1005 nuntro-

204 1054 306 1103 rentur
325 1045 556 1102 aduersariorum
574 1042 705 1124 [copiae]
720 1047 861 1123 equitatus
877 1046 1020 1122 nfinitus,
1046 1079 1086 1091 —
1112 1049 1233 1107 classes-

203 1169 262 1241 que⁸
278 1145 368 1227 [esse]
392 1147 566 1224 complures,
592 1155 685 1206 tenen
707 1167 764 1206 non
779 1145 985 1208 'deterrebatur
998 1152 1093 1209 eninm
1109 1150 1152 1231 [et
1165 1150 1231 1232 spe]

204 1250 375 1328 confidebat.

289 1355 335 1415 W.
352 1351 521 1415 Norekium
543 1355 663 1413 secutus
682 1353 769 1413 uncis
782 1353 905 1415 inclusit
919 1356 1036 1431 copiae:
1058 1376 1126 1415 nem
1141 1356 1233 1416 verbe

204 1477 266 1516 curn
288 1459 493 1516 nuntiarentur
514 1458 617 1532 copiae
649 1457 729 1535 quod
751 1456 954 1534 praedicatum
976 1458 1092 1518 deesset
1113 1458 1231 1537 plenam

204 1580 263 1620 non
285 1560 404 1620 efficere
427 1556 615 1619 sententiam.

290 1668 331 1722 At
352 1663 383 1721 id
405 1661 504 1740 ipsum
526 1681 587 1719 esse
608 1661 640 1719 in
664 1661 688 1720 Ο
713 1660 825 1737 extitit,
847 1662 931 1722 deest
946 1661 1025 1721 enim
1041 1663 1135 1722 solum
1152 1662 1231 1723 codi-

206 1767 289 1825 cibus
312 1766 371 1825 LF.
408 1765 516 1842 Itaque
538 1763 715 1844 quantocius
737 1766 935 1824 revocandum
958 1770 1012 1825 est.
1051 1764 1131 1828 Quid
1153 1765 1232 1824 enim

197 1856 235 1927 ,in
269 1868 322 1928 tali
355 1871 503 1927 structura
534 1865 683 1926 desideres
715 1886 777 1926 curn
810 1870 1014 1926 nuntiarentur
1044 1870 1143 1944 copiae
1171 1889 1232 1927 esse

203 1974 347 2050 cqurr'tutus
369 1969 501 2042 infinitus
515 2003 557 2012 —
573 1969 734 2047 classesque
750 1967 927 2047 complures?
963 1971 1017 2030 cfr.
1040 1975 1125 2044 20,2
1148 1974 1231 2029 cuius

202 2076 302 2152 coprus
325 2074 468 2150 legionum
491 2081 554 2129 octo
570 2079 599 2129 et
611 2074 734 2150 eqttr'turn
750 2071 797 2129 111
811 2073 918 2130 milium
934 2092 993 2130 esse
1008 2071 1227 2132 nuntiabuntur.

287 2176 404 2236 Deinde
426 2176 475 2237 W.
507 2173 621 2235 delevit
642 2183 671 2233 et
691 2194 749 2252 spe,
780 2177 859 2254 quod
881 2174 945 2235 sive
966 2194 1020 2253 pro
1043 2174 1144 2236 dativo
1166 2176 1230 2238 sive

204 2299 257 2356 pro
279 2278 411 2339 ablativo
433 2276 604 2354 accipiatur,
626 2277 753 2337 latinum
775 2297 835 2336 non
857 2297 930 2338 esse.
1072 2353 1075 2357 ,

290 2381 476 2462 Quamquam
498 2382 595 2441 locum
618 2380 706 2459 plane
729 2380 854 2439 similem
873 2380 1004 2457 reperire
1020 2380 1093 2439 mihi
1110 2377 1229 2460 quidem

203 2486 333 2545 nondum
363 2483 498 2560 contigit,
533 2488 633 2544 tumen
663 2486 744 2545 hune
774 2483 941 2544 confidendi
972 2483 1110 2545 vocabuli
1134 2503 1229 2556 usum,

204 2609 261 2668 quo
292 2587 400 2668 aliquis
431 2607 484 2664 spe
506 2586 708 2647 inflammatus
730 2585 788 2646 sibi
811 2586 958 2647 confidere
979 2585 1098 2661 dicitur,
1128 2589 1231 2646 contra

201 2691 321 2767 linguae
350 2690 481 2751 indolem
510 2692 607 2751 iacere
636 2689 691 2750 vix
721 2688 913 2760 crediderim
946 2689 1084 2750 similiter
1112 2688 1229 2749 nitendi

202 2795 325 2853 verbum
355 2797 516 2870 usurpetur
546 2791 726 2852 scissione
757 2793 793 2850 ad
815 2791 950 2851 Atticum
972 2793 1029 2865 ΙΙΙ,
1053 2798 1070 2849 9
1101 2812 1150 2868 spe
1172 2811 1227 2870 qun

202 2897 282 2955 iubes
311 2902 446 2967 nitemur,
482 2901 513 2955 et
543 2894 649 2957 eatuli.
679 2915 704 2956 e.
727 2899 777 2967 64,
803 2894 861 2953 177
892 2896 976 2973 qunlr'
1001 2913 1113 2971 spe-
1135 2896 1225 2951 nitor.

203 2999 263 3059 Hie
293 2999 423 3078 denique
451 2997 578 3076 scriptor
609 2997 682 3058 dicit
710 2999 805 3056 unane
835 2995 995 3074 confidere,
1029 2995 1101 3056 belli
1130 3000 1228 3057 autem

202 3101 400 3163 Alexandrini
422 3107 523 3162 auctor
546 3102 650 3161 eodem
673 3119 763 3167 sensu
785 3104 834 3173 20,
859 3100 876 3158 7
900 3102 995 3159 uncino
1017 3101 1083 3177 niti.

291 3209 316 3278 1,
342 3210 359 3263 5
389 3215 418 3264 et
447 3204 572 3281 legiones
599 3201 754 3284 [turonum]
779 3204 939 3274 conuenere,
973 3204 1003 3261 in
1025 3202 1071 3261 un
1093 3211 1228 3262 ueterano

203 3307 280 3385 legio
302 3309 413 3386 quintu.

287 3409 393 3470 Deleto
410 3412 532 3469 tironum
549 3408 689 3486 genetivo
705 3407 951 3488 exsequentibus
967 3407 1090 3470 minime
1103 3414 1228 3489 apparet

201 3512 333 3593 reliquas
365 3516 484 3590 praeter
517 3511 650 3593 quintam
680 3510 813 3585 legiones
842 3530 944 3572 ornnes
973 3510 1065 3571 fuisse
1086 3512 1227 3573 tironum.

201 3615 313 3675 Eodem
349 3615 427 3674 enim
457 3615 538 3690 iure,
575 3635 642 3675 cum
670 3615 745 3675 haee
777 3613 856 3689 legio
886 3612 1017 3673 omnium
1047 3614 1139 3673 fuerit
1167 3615 1227 3674 for·
1268 3646 1270 3655 ι

201 3717 314 3777 tissima
344 3717 409 3797 (cfr.
434 3724 483 3792 60,
505 3725 543 3791 4;
574 3722 623 3791 81,
649 3721 685 3792 l;
717 3717 786 3794 84),
818 3714 994 3789 cogitaverit
1024 3714 1134 3794 uliquis
1163 3735 1227 3776 eum

201 3819 292 3879 solam
329 3819 448 3896 dignam
481 3821 589 3896 inisse,
626 3840 702 3902 quae
734 3817 910 3877 nominatim
941 3823 1226 3879 commemoraretur.

200 3922 309 3982 Narrat
350 3922 477 4000 scriptor
512 3923 690 4002 Lilybaeum
729 3919 903 3981 convenisse
940 3918 1073 3980 Caesaris
1110 3921 1226 3998 copias:

200 4044 298 4098 naves,
325 4027 466 4106 legiones,
489 4026 613 4106 equites.
658 4028 723 4085 Iam
745 4030 843 4092 autern
866 4025 998 4105 legiones
1021 4031 1147 4105 excepta
1168 4046 1227 4086 una
