2872 4778
568 332 781 400 ..23-

157 507 295 566 essilr'ens
317 516 345 564 et
367 506 420 565 udi
438 509 551 566 minime
573 517 722 584 respectes
744 509 897 568 relictura.
943 511 1070 588 Denique
1092 512 1187 571 omnia

157 610 237 687 apud
258 612 421 669 Ciceronem
443 611 586 681 destinent,
612 611 692 688 apua
711 611 866 671 Pollionem
889 613 1007 671 cadant.

242 714 326 773 Haec
362 712 479 792 antiqui
510 712 609 773 critici
642 719 823 775 censuerunt
853 716 890 775 de
920 714 1027 776 Asinio
1060 720 1186 778 oratore.

157 817 241 876 Idem
272 821 371 876 sutem
402 815 538 893 simplex,
569 836 715 892 pressum,
744 822 928 878 attenuatum
953 817 1071 878 dicendi
1094 837 1187 894 genus

157 938 255 978 rerum
285 918 458 995 scriptorem
480 918 620 978 Asinium
651 919 805 980 affectasse
827 925 907 982 certo
928 920 1066 982 concludi
1086 925 1188 999 potest

157 1026 187 1081 et
209 1024 351 1099 probatur
372 1021 522 1081 sententia
545 1021 674 1083 Seneeae
697 1019 787 1097 (suas.
811 1029 839 1097 6,
864 1024 925 1103 14),
953 1024 1065 1104 quide
1088 1024 1186 1086 Asinii

157 1123 266 1183 iudicio
282 1124 315 1183 in
330 1123 502 1186 Ciceronem
516 1124 578 1185 lato
593 1125 666 1185 hsce
682 1131 799 1186 censet:
817 1125 962 1203 affirmare
976 1127 1056 1186 vobis
1068 1147 1186 1205 possam

156 1226 232 1286 ur'kil
258 1247 319 1286 esse
347 1230 376 1287 ia
405 1230 539 1287 historiis
566 1233 628 1287 eries
649 1228 703 1287 hcc
726 1248 805 1306 quem
827 1230 932 1288 rettuli
952 1231 1015 1289 loco
1036 1231 1182 1300 disertius,

157 1339 189 1387 ut
220 1330 293 1388 mr'ii
323 1341 389 1390 tuac
422 1351 478 1391 aaa
512 1332 645 1391 laudasse
677 1333 839 1391 Ciceronem
870 1335 921 1391 sed
960 1343 1088 1392 certasse
1122 1352 1186 1392 eam

158 1434 294 1492 Cernere
315 1435 473 1493 uideretur.
590 1437 592 1440 ’

242 1541 382 1597 Attamen
420 1537 451 1596 in
488 1538 545 1597 hoo
581 1538 747 1612 fragmento
784 1537 867 1597 nulle
903 1537 1007 1597 insunt
1040 1537 1186 1598 sermonis

155 1639 277 1712 lumina,
307 1640 390 1700 nulla
412 1641 540 1714 ubertas,
567 1640 649 1699 nulla
671 1639 846 1700 sublimitas.
891 1639 994 1701 Oratio
1017 1661 1119 1717 pressa
1141 1646 1187 1701 est

157 1749 187 1803 et
209 1743 339 1817 concisa3
364 1742 503 1822 inprimis
526 1762 690 1820 synonyma
713 1743 819 1805 vocula
840 1764 892 1822 que
914 1744 965 1804 vel
986 1752 1014 1801 et
1036 1743 1186 1804 cumulata

156 1865 215 1905 noo
240 1853 407 1906 occurrunt.
440 1844 541 1910 Quid?
565 1847 644 1925 quod
666 1845 804 1906 nonnulli
826 1846 1010 1907 contendunt
1031 1845 1090 1906 viri
1106 1846 1186 1907 docti

157 1948 295 2007 Asinium
326 1949 442 2008 facilem
473 1949 615 2010 cretionis
648 1968 764 2008 cursum
792 1948 989 2009 inhibendum
1012 1969 1046 2009 ac
1069 1968 1185 2010 moran·

30 2130 33 2135 Ι
157 2052 226 2111 dum
250 2057 369 2129 putasse
392 2052 512 2129 (Thorb.
535 2072 602 2128 pag.
621 2052 694 2129 116)
717 2052 801 2111 velut
822 2051 1048 2128 pronominibus
1069 2051 1102 2110 in
1125 2051 1185 2111 fine

156 2154 303 2214 enuntiati
326 2154 472 2233 ponendis
494 2154 561 2233 (cir.
583 2173 673 2231 supra
692 2173 759 2232 pag.
778 2155 838 2231 18).
875 2152 1042 2214 assimilis
1064 2173 1185 2231 prorsus

155 2256 271 2317 indoles
300 2257 429 2318 occurrit
458 2257 490 2318 in
521 2256 658 2337 epistulis
679 2256 740 2316 illis
763 2255 900 2317 servetis.
944 2256 1088 2317 Omnibus
1109 2257 1185 2321 locis

154 2380 267 2419 summe
289 2361 455 2422 constantia
477 2381 515 2421 ne
536 2360 633 2421 dicam
654 2359 806 2421 anxietate
821 2359 1013 2440 eloquentius
1029 2364 1106 2421 artes
1121 2361 1183 2423 evi·

154 2463 245 2537 tavit3
276 2483 331 2524 nec
359 2465 486 2526 verbum
509 2483 564 2524 nec
586 2463 775 2525 enuntiatum
796 2461 982 2541 superfluum
1004 2465 1066 2538 est;
1096 2484 1184 2544 quam

153 2565 328 2626 brevissime
356 2567 454 2628 omnia
484 2567 622 2645 exposita
653 2571 730 2626 sunt.
773 2567 885 2626 Tamen
908 2567 945 2626 ad
967 2586 1031 2627 rem
1053 2566 1183 2629 dilucide

155 2669 392 2747 perspiciendam
415 2671 492 2730 nihil
513 2672 605 2731 deest.

239 2772 414 2832 Invenimus
436 2772 529 2850 igitur
550 2772 656 2847 virum,
680 2773 731 2854 qui
754 2773 858 2850 lingua
880 2771 1031 2833 commode
1051 2775 1082 2833 et
1096 2792 1183 2852 quam

154 2874 312 2935 scitissime
334 2875 379 2936 uti
401 2877 484 2938 sciat.

240 2977 345 3042 Qualis
373 2986 471 3041 autem
501 2979 656 3057 scriptoris
681 2978 831 3056 specimen
854 2981 956 3039 auctor
977 2978 1183 3038 commentarii

153 3081 380 3158 praesefert?

238 3184 467 3265 Inquirentibus
489 3185 575 3245 nobis
597 3185 667 3246 talis
688 3187 775 3246 homo
797 3189 930 3263 apparet,
953 3183 986 3243 in
1007 3182 1182 3265 quaomnia

153 3307 188 3346 ea
202 3288 313 3361 insunt,
337 3308 414 3367 quae
431 3289 555 3350 deerant
570 3288 692 3350 Asinio:
716 3309 782 3349 cum
797 3306 910 3348 summo
927 3286 1000 3348 artis
1015 3285 1181 3348 rhetoricae

153 3391 252 3450 studio
280 3390 437 3454 coniuncta
465 3390 653 3470 apertissima
682 3391 812 3453 dilucide
840 3395 969 3472 apteque
991 3384 1111 3453 dicendi
1132 3390 1181 3452 in·

152 3492 247 3555 scitia

237 3602 338 3678 Atque
368 3603 403 3660 nt
430 3599 508 3660 illud
536 3601 755 3661 demonstretur
784 3597 888 3679 paucis
918 3598 1076 3660 admodum
1105 3617 1180 3675 opus

152 3706 205 3762 eet.
264 3702 339 3762 Nam
384 3706 532 3764 auctorem
576 3701 718 3763 orationis
759 3701 959 3778 granditatem
995 3719 1179 3777 summopere

151 3811 284 3881 captasse
308 3804 508 3884 Nipperdeius
540 3805 685 3883 exemplis
706 3804 767 3865 iam
789 3803 921 3865 firmavit
949 3805 1075 3885 (quaest.
1097 3801 1179 3864 Caes.

151 3927 216 3984 pag.
234 3910 297 3986 22).
324 3943 358 3953 -
385 3910 420 3967 Id
441 3909 539 3969 solum
561 3909 713 3970 mentione
735 3908 858 3985 dignum
880 3906 956 3967 mihi
974 3905 1093 3967 videtur
1107 3905 1180 3967 arti·

112 4020 114 4025 '
150 4011 218 4077 ficia
248 4010 357 4099 quibus
387 4016 489 4080 auctor
518 4012 629 4079 elatum
658 4013 734 4073 illud
762 4010 881 4079 dicendi
908 4024 1001 4093 genas
1023 4027 1055 4071 se
1077 4028 1179 4074 conse-
