2872 4778
563 419 777 495 -53..

241 605 331 676 11,4
361 620 451 679 neque
477 620 538 660 enm
568 621 627 660 rem
661 622 709 661 eos
731 602 911 681 (Gaesarem)
939 603 1062 663 uoluisse
1089 605 1176 677 scire,

154 708 256 783 quiin
274 707 429 784 praesidiis
451 706 551 765 relicti
569 707 632 787 [sni
652 705 770 786 milites]
785 708 812 787 ¹)
827 706 967 786 sur‘ssent.

243 813 290 884 12,
308 814 326 867 3
350 811 462 888 eamque
483 828 546 868 cum
565 810 673 887 procul
692 810 783 869 bostis
798 811 930 888 conspici
942 821 1049 888 posset,
1075 813 1181 871 milites

154 912 183 970 in
206 930 306 988 compo
329 913 407 971 iubet
427 913 547 992 goleori
567 914 657 971 etad
679 911 810 993 [eam]²)
830 931 959 990 pugnam
977 918 1095 991 parari.

244 1020 290 1088 19,
314 1021 332 1073 2
363 1035 401 1073 ea
429 1014 531 1093 quibus
561 1019 707 1092 cognitum
737 1025 780 1075 est
808 1017 957 1075 consilium
988 1019 1109 1077 hostium
1132 1039 1180 1078 eos

154 1118 209 1175 linc
232 1128 322 1177 rncnte
344 1128 373 1177 et
393 1127 500 1177 conatu
522 1121 641 1190 uent'sse,
667 1128 700 1177 ut
721 1139 792 1178 nouo
815 1128 900 1196 atque
923 1121 1061 1179 inusitato
1074 1141 1181 1197 genere

151 1220 261 1297 proclii
280 1223 388 1279 tirones
411 1221 573 1297 legionarii
587 1225 730 1298 paucique
747 1221 917 1299 perturbati
940 1254 974 1268 -·
1000 1221 1036 1280 ab
1051 1226 1179 1301 equitatu

156 1325 346 1382 crroumuenti
371 1325 610 1402 opprimerentur,
644 1333 672 1382 ct
701 1327 742 1383 ita
767 1324 921 1383 Labienum
948 1359 982 1370 -
1007 1326 1117 1384 dixisse
1143 1359 1177 1373 -·

156 1434 264 1484 tontum
286 1445 348 1484 sese
365 1426 572 1484 multitudinem
588 1427 766 1485 auxiliorum
781 1426 958 1485 aduersariis
974 1425 1140 1507 [Caesaris]
1150 1428 1178 1506 ³)

154 1527 448 1600 subministraturum,
474 1537 569 1586 ut-
592 1528 752 1609 defatigati
771 1531 954 1588 vincerentur
975 1538 1060 1607 utque
1081 1549 1099 1589 o
1117 1533 1179 1588 sur's

155 1640 363 1708 superarentur
384 1665 437 1688 -.

241 1738 325 1808 21,2
349 1733 493 1793 Labrenus
515 1737 631 1793 saucios
652 1754 719 1792 suos
741 1769 783 1778 -
806 1733 883 1793 iubet
904 1737 933 1793 in
952 1736 1073 1813 plostris
1095 1736 1180 1816 [deli-

152 1834 254 1919 gatos]
266 1837 296 1917 4)
317 1839 506 1897 Adrumetum
530 1840 690 1915 deportari.

224 1995 250 2054 1)
268 1991 457 2041 concedendum
481 1996 519 2039 est
544 1991 632 2038 horum
656 1990 790 2038 verberum
817 1993 1005 2041 collocationem
1023 1995 1108 2053 paullo
1126 2009 1179 2042 esse

154 2078 276 2126 duriorem
302 2078 394 2141 (nptias
419 2077 485 2125 enim
510 2077 557 2123 luit
579 2090 609 2124 ea
632 2077 787 2136 interponere
812 2078 941 2126 enuntiato
959 2077 1094 2142 primario).
1130 2079 1180 2128 Sed

153 2164 294 2212 defenditur
312 2165 366 2212 leco
386 2163 510 2211 simillimo
524 2164 566 2223 97,
582 2166 594 2210 1
608 2160 720 2222 bonaque
731 2177 811 2210 eorum
823 2163 932 2223 oemunt,
950 2166 994 2225 qui
1003 2166 1066 2213 duee
1077 2165 1182 2212 Bouiani

154 2256 238 2296 contra
250 2250 366 2310 populum
378 2250 510 2298 Rauranum
527 2263 598 2296 amna
615 2249 727 2297 tulerant.
758 2249 814 2296 Hoc
831 2250 897 2297 enim
915 2252 970 2298 loco
983 2252 1075 2299 mentio
1087 2251 1179 2299 nivium

153 2336 183 2382 R.
201 2336 258 2383 ideo
276 2336 402 2383 enuntiate
422 2335 527 2383 relativo
545 2335 639 2382 inserta
656 2339 700 2393 est,
718 2339 746 2381 nt
756 2335 826 2382 iuxta
838 2336 919 2396 posita
929 2336 1080 2384 contrarium
1092 2343 1181 2397 augeat

154 2420 238 2482 popuii
250 2421 280 2470 R.
308 2421 420 2469 Eandem
438 2421 470 2469 ob
489 2435 588 2470 causam
606 2434 695 2468 nomen
707 2420 811 2468 Ronmni
821 2421 860 2469 bis
871 2422 979 2483 positum
992 2427 1037 2470 est.
1062 2424 1180 2471 Fortasse

154 2507 201 2555 hue
218 2522 317 2568 qnoque
334 2512 429 2568 spectat
448 2510 488 2566 lb,
505 2509 520 2555 t
539 2507 583 2567 qui
597 2507 686 2566 equites
704 2507 799 2555 Iuliani
818 2535 850 2544 -
865 2508 989 2570 paulatim
1007 2508 1097 2558 eadere.
1131 2509 1180 2557 Sed

153 2594 198 2642 uir.
217 2594 281 2641 inira
297 2595 328 2641 ad
346 2595 412 2641 hune
430 2595 520 2641 locum.

223 2676 248 2741 2)
267 2679 310 2726 cir.
328 2683 424 2740 partem
442 2678 546 2725 alteram
564 2692 620 2738 pag.
639 2678 672 2728 80
690 2678 745 2726 adn.
765 2678 787 2726 3.

223 2763 249 2828 3)
267 2763 361 2813 Omnes
378 2764 486 2812 editores
504 2763 639 2811 omiserunt
656 2763 806 2812 mentionem
819 2762 947 2825 anearis3
966 2780 1029 2825 quae
1041 2767 1181 2815 coniectura

154 2851 200 2897 etsi
219 2851 311 2898 codicis
328 2851 351 2896 A
363 2850 510 2899 auctoritate
524 2864 590 2897 nunc
601 2850 700 2897 videtur
712 2849 821 2910 probari,
839 2851 960 2899 refellitur
972 2851 1092 2899 enuntiati
1103 2853 1180 2901 totius

154 2940 282 2983 structura.
317 2937 381 2984 Nam
399 2935 477 2985 verba
493 2943 587 2984 tantam
605 2950 654 2984 seeo
672 2935 844 2984 multitudinem
863 2951 914 2996 eqs.
940 2943 983 2984 ant
999 2938 1108 2985 referunt
1125 2952 1180 2985 ora-

154 3021 220 3069 tione
238 3022 340 3082 obliqua
357 3022 435 3070 verba
452 3023 558 3070 Labieni
576 3027 619 3071 aut
636 3036 665 3070 ea
682 3021 818 3082 continent,
843 3037 906 3082 qnae
924 3023 1129 3071 Caesariani
1148 3036 1178 3069 ex

153 3105 265 3167 perfugis
289 3109 457 3169 cognoverint.
501 3107 642 3157 Secundum
666 3107 731 3154 hane
758 3111 896 3155 structurae
924 3107 1110 3169 ambiguitatem
1136 3112 1180 3155 ant

153 3194 277 3243 Labien
285 3209 321 3244 ns
332 3194 440 3254 logicum
452 3195 573 3243 enuntiati
584 3194 714 3255 pendentis
727 3192 866 3241 subiectum
875 3198 964 3241 estant
975 3192 1178 3242 Caesariani.

153 3278 180 3326 Si
197 3280 322 3328 Labienus
339 3281 477 3329 subiectum
495 3287 540 3340 est,
557 3279 708 3328 adsume
724 3278 756 3326 ad
774 3278 879 3326 Labieni
897 3280 1053 3328 adversarios
1072 3279 1178 3328 reteren-

153 3365 211 3412 dum
229 3372 309 3415 esset:
327 3368 390 3415 haee
406 3372 433 3414 ut
450 3367 557 3415 evitetur
575 3365 712 3415 sententiae
729 3363 885 3425 ambiguitas,
905 3379 960 3413 cum
973 3365 1087 3426 plerique
1098 3365 1178 3426 primo

153 3450 241 3499 obtutu
266 3453 347 3500 faeere
372 3468 421 3501 non
448 3453 553 3514 possint,
580 3452 639 3512 qnia
665 3450 744 3498 verba
767 3457 860 3498 tantam
881 3478 915 3488 —
937 3458 1109 3512 superarentur
1132 3464 1178 3511 pro

152 3535 258 3584 Labieni
276 3537 386 3587 oratione
405 3538 507 3598 obliqua
524 3538 641 3597 habeam,
659 3535 772 3585 Caesaris
791 3537 882 3585 mentio
898 3536 1039 3586 necessaria
1051 3540 1103 3585 est:
1121 3551 1179 3584 nam

152 3621 277 3671 Labienus
295 3624 429 3672 auxilia
445 3625 498 3673 suis
515 3629 612 3672 tantum
630 3623 709 3684 copiis
726 3622 914 3672 subministrare
926 3627 1016 3684 potest.
1045 3623 1091 3669 Hie
1103 3611 1180 3683 igitur

151 3706 236 3757 verbis
260 3709 315 3770 ipse
333 3710 459 3758 Labienus
484 3725 533 3758 non
558 3710 648 3768 utitur,
673 3708 717 3757 sed
742 3708 765 3756 ei
789 3709 832 3767 qui
857 3709 909 3757 eius
927 3708 1004 3756 verba
1022 3706 1179 3756 Caesarianis

151 3794 310 3842 rettulerunt:
336 3795 450 3843 homines
472 3795 611 3857 intercepti.
653 3793 687 3842 Hi
712 3795 828 3842 dixerant
852 3793 1004 3843 maurita
1026 3793 1112 3841 amma
1137 3795 1178 3843 vel

151 3879 302 3928 aduersariis
319 3879 448 3944 Oamarie3
473 3882 560 3929 horum
584 3894 722 3930 sermonem
740 3879 846 3943 scriptor
863 3879 959 3943 reddit3
984 3893 1056 3939 quem
1073 3893 1128 3927 cnm
1147 3893 1179 3926 ex

151 3964 256 4013 Labieni
274 3980 383 4026 persona
399 3968 509 4030 referret,
529 3968 613 4014 omnia
630 3966 748 4015 turbavit.

219 4049 247 4116 4)
265 4052 399 4114 Participio
424 4055 515 4102 omisso
539 4053 626 4102 ionalis
650 4052 676 4101 in
691 4051 794 4114 plostris
819 4051 1007 4112 coniungendas
1033 4056 1099 4101 esset
1123 4066 1178 4099 cum

151 4138 298 4206 deportandi
316 4139 445 4200 vocabulo,
465 4141 531 4202 qnod
551 4153 597 4188 usu
609 4144 708 4187 vetatur
720 4139 858 4201 scriptoris,
876 4139 918 4200 qui
924 4137 1046 4200 portandi
1055 4137 1178 4187 vocabulo
