2872 4778
595 331 919 398 ..100-..

201 507 276 585 disp.
299 508 335 581 V,
355 512 393 565 22
418 507 490 566 urbi
509 527 564 565 non
589 506 738 565 uidebatur
760 508 907 583 prinsquam
932 502 1030 564 beatus
1052 525 1114 564 esse
1133 527 1229 584 posse,

201 630 262 669 eum
293 614 323 669 in
353 610 438 669 malis
466 614 550 682 esset,
583 611 613 668 in
644 610 729 668 maiis
756 618 849 667 autem
872 611 1027 686 sapientem
1049 627 1229 686 emanasse,

199 717 283 772 si—
305 732 366 793 eqs.
403 715 519 792 Itaque,
542 713 621 791 quod
643 710 754 771 attinet
777 713 813 770 ad
835 716 1023 784 structuram,
1044 713 1118 771 haee
1140 715 1234 773 verba
1331 719 1333 724 '

200 835 272 875 sana
294 819 373 876 sunt.
419 814 606 894 Quamquam
632 815 788 873 admodum
815 813 968 889 languent.
1010 813 1068 872 Sed
1090 815 1166 874 haee
1188 821 1234 873 est

201 920 285 979 nulla
307 917 425 978 delendi
448 937 543 980 eausa.

287 1027 372 1096 29,2
396 1020 540 1080 Labienus
562 1022 676 1080 interim
699 1038 761 1079 aum
783 1029 867 1097 parte
889 1021 1032 1098 equitatus
1054 1021 1168 1096 Leptim
1191 1055 1232 1064 —

201 1143 366 1203 oppugnare
383 1142 419 1182 aa
434 1127 466 1182 oi
478 1127 641 1200 inrumpere
657 1121 817 1182 sanabatur
826 1146 838 1194 ,·
862 1123 939 1200 quod
953 1118 1004 1202 [ab
1018 1120 1231 1204 defensoribus]

200 1254 241 1272 -’
255 1227 353 1306 facile
374 1262 416 1271 —
438 1224 653 1303 defendebatur.

286 1329 335 1391 W.
366 1350 432 1390 oum
461 1329 621 1390 relativum
650 1330 727 1406 quod
746 1330 784 1387 ad
807 1330 914 1405 Leptim
937 1328 1071 1406 oppidum
1095 1329 1232 1402 referret,

200 1435 293 1493 verbu
314 1432 352 1491 ab
367 1431 564 1511 defensoribus
586 1432 708 1492 delevit.
743 1432 818 1490 Nam
834 1432 967 1509 oppedum
983 1431 1020 1489 ab
1035 1430 1232 1508 defensoribus

201 1536 364 1612 defenditur
392 1535 511 1595 inanem
542 1554 606 1595 esse
636 1534 855 1612 repetitionem.
899 1532 979 1596 Quid
1007 1554 1080 1595 vero
1109 1535 1135 1593 ei
1157 1535 1232 1594 rele-

201 1639 297 1700 tivum
321 1639 358 1698 ad
379 1642 476 1698 totum
500 1637 689 1698 enuntiatum
711 1638 760 1696 vel
783 1636 883 1715 potius
905 1638 943 1696 ad
957 1639 1049 1698 verba
1064 1657 1233 1715 oppugnare

202 1760 236 1798 aa
267 1744 298 1799 oi
326 1744 488 1817 inrumpere
519 1739 652 1817 epeotet?
695 1741 770 1800 Tum
801 1739 954 1802 evanescit
981 1738 1008 1798 ie
1030 1739 1231 1816 pleonasmus,

203 1842 254 1922 qui
271 1844 319 1905 W.
335 1842 475 1904 offendit:
502 1843 672 1903 defensores
687 1849 758 1902 suut
771 1843 941 1902 defensores
958 1842 1071 1920 oppidi,
1091 1843 1233 1921 aquibus

201 1945 386 2023 oppugnatio
409 1952 440 2007 et
461 1945 589 2023 irruptio
619 1945 874 2019 defenditur,
902 1945 923 2005 i.
947 1965 973 2006 e.
1001 1945 1232 2022 repellitur.

204 2051 255 2109 uir.
279 2049 360 2110 Caes.
393 2049 463 2112 bell.
493 2049 549 2110 oiv.
572 2049 613 2124 11,
638 2056 665 2124 9,
690 2054 708 2106 4
739 2048 889 2128 defendere
918 2051 991 2107 irtus
1019 2068 1054 2107 aa
1075 2049 1235 2126 repetiere3

202 2152 242 2214 id.
266 2153 309 2227 II,
333 2159 361 2224 2,
385 2158 402 2211 4
433 2153 562 2211 omnibus
589 2151 685 2223 rebus,
719 2151 820 2229 quibus
849 2153 926 2227 egnes
955 2153 1050 2210 iaetus
1073 2162 1102 2209 et
1123 2153 1234 2229 lapides

203 2255 319 2332 defendi
335 2264 468 2331 possent;
491 2254 556 2315 sim.
579 2255 639 2316 ou.
663 2274 716 2330 pro
740 2254 844 2314 Milon.
867 2259 895 2312 9.

289 2362 339 2430 80,
363 2363 381 2415 2
414 2359 489 2436 quod
518 2377 581 2416 eum
603 2360 718 2436 saepius
736 2356 830 2433 fieret
850 2389 904 2428 -,
938 2358 1068 2434 despecta
1088 2360 1232 2434 patientia

205 2462 339 2518 Caesaris
362 2463 561 2538 exercitusque
583 2462 654 2530 eius,
680 2455 779 2540 [Iuba]
807 2493 841 2506 -
866 2460 945 2518 based
965 2463 1006 2520 ita
1027 2461 1145 2537 longea
1162 2461 1233 2520 Cae-

202 2564 279 2619 saris
302 2563 409 2618 eastris
431 2564 562 2621 constitit
582 2565 611 2620 in
634 2579 744 2640 eampo.

290 2662 383 2722 Iubae
414 2662 596 2725 mentionem
621 2665 762 2725 absonam
785 2685 848 2726 esse
870 2666 965 2726 Aldus
987 2665 1073 2727 vidit.
1117 2667 1232 2726 Nomen

205 2766 338 2826 additum
370 2787 433 2826 esse
466 2788 483 2827 a
517 2766 639 2829 librario
671 2771 798 2848 quodem
829 2769 883 2832 vix
916 2770 1070 2847 probabile
1102 2770 1232 2830 videtur.

204 2870 300 2930 Multo
330 2869 524 2930 verisimilius
554 2875 723 2931 uetustum
745 2872 777 2931 id
799 2892 863 2932 esse
885 2893 901 2932 e
923 2873 1102 2952 oorruptela.
1146 2872 1234 2936 Quod

205 2972 231 3032 si
260 2973 432 3047 statuimus,
464 2979 517 3033 aut
546 2993 657 3033 novum
689 2980 894 3051 exspectamus
926 2975 1075 3037 enuntiati
1097 2975 1233 3053 primarii

204 3076 369 3137 sssbieotum
397 3075 482 3137 velut
511 3080 573 3155 ipse
602 3077 667 3156 (eir.
691 3083 719 3151 9,
747 3082 760 3136 l
795 3080 880 3156 Lepti
899 3082 1108 3158 —praesidia
1131 3079 1232 3138 reb'ato

205 3182 290 3256 ipse
313 3197 480 3237 rursus-
503 3181 656 3257 Ruspinam
680 3184 831 3252 conuertit,
860 3181 953 3259 s'be'que
973 3186 1101 3242 sarcinis
1123 3183 1233 3241 reb'atis

205 3283 289 3357 ipse
310 3313 352 3325 -
371 3281 584 3362 proficiscitur)
605 3287 658 3343 aut
676 3303 742 3343 oum
765 3284 972 3345 exereitus
995 3285 1049 3345 vix
1063 3284 1123 3346 diui
1139 3284 1235 3362 possit
1311 3317 1314 3322 ·

202 3385 317 3461 patiens
347 3383 428 3463 (nam
459 3404 589 3444 summus
611 3387 673 3445 dux
695 3386 812 3463 patiens
834 3391 889 3460 est,
918 3394 953 3447 ut
976 3392 1024 3462 35,
1050 3394 1085 3462 2;
1116 3393 1166 3462 31,
1192 3386 1232 3465 8),

203 3485 382 3547 vocabulum
410 3486 596 3548 desideratur
617 3490 696 3548 unde
719 3491 847 3566 pendeat
868 3490 947 3551 ulter
967 3491 1125 3567 genetivus
1148 3490 1234 3569 (uou-

204 3591 275 3650 dum
297 3589 412 3663 inveni,
442 3590 523 3670 quod
544 3591 728 3670 proponam).
773 3593 899 3654 Aoaedit
924 3595 1003 3673 quod
1026 3593 1233 3669 genetivorum

205 3693 371 3767 oollooutio,
392 3713 450 3772 qua
471 3698 640 3775 uterque
663 3693 789 3769 notioni,
812 3697 891 3757 unde
907 3698 1027 3774 pendet,
1042 3696 1235 3775 postponitur

205 3797 225 3853 d
231 3806 387 3873 asperia
421 3799 627 3873 patientia
661 3799 797 3857 Caesaris
831 3803 1030 3879 eaereitusque
1061 3802 1122 3859 eius
1156 3800 1235 3879 quod

204 3898 295 3957 seiam
317 3899 425 3958 iterum
447 3918 507 3959 non
529 3899 693 3960 invenitur.
730 3901 782 3964 uir.
808 3905 889 3975 11,s
913 3902 1091 3970 advectis
1113 3904 1234 3962 militurn

205 4002 382 4078 equitumque
403 4003 550 4079 aopiis;
572 4001 652 4061 idem
676 4008 726 4077 80,
749 4009 786 4077 2,
810 4010 859 4079 50,
883 4010 919 4080 2;
943 4006 993 4082 75,
1018 4011 1035 4064 3
1059 4025 1147 4086 equ·
