2872 4778
551 341 766 428 nne..

142 531 292 612 prodnotis
314 536 406 611 eopr'is
428 569 469 579 -
490 538 638 609 eonstr'tit;
661 537 710 610 78,
728 540 744 593 8
768 539 954 614 impressione
966 536 1054 614 saeta
1076 573 1118 583 -
1141 536 1170 599 in

141 635 244 714 sugam
267 634 426 713 dederunt).
471 640 606 714 Apparet
633 637 726 714 igitur
757 639 866 699 codicis
896 642 920 700 1.
944 659 1010 700 cum
1032 643 1171 702 transcri-

145 739 235 799 bendi
257 740 399 814 socordia,
421 744 485 801 tum
507 740 667 817 pessimum
691 741 869 801 emendandi
892 743 1032 804 studium.

232 848 282 918 29,
305 849 323 901 3
346 863 407 902 oum
431 879 472 890 -
495 853 697 921 antepartum
721 852 814 903 turma
837 846 924 904 denso
945 845 1102 907 obstitisset
1116 881 1168 905 -.

230 947 389 1024 adstitisset
411 946 446 1007 O.

230 1050 277 1107 Ad
298 1050 372 1109 haee
388 1049 435 1109 W.
458 1048 543 1108 ‘iilud
562 1051 638 1109 bene
660 1049 770 1110 dieitur
792 1053 828 1111 de
844 1051 1086 1129 oppugnantibus
1103 1057 1171 1111 ante

145 1156 260 1227 portam
289 1151 451 1230 dispositis,
482 1171 519 1211 ne
542 1159 733 1231 erumperent
754 1154 897 1231 oppidani
919 1154 1000 1233 (Liv.
1023 1155 1171 1227 XXXIV,
1259 1143 1260 1147 ¹

146 1259 195 1328 46,
219 1261 237 1314 9
260 1255 333 1313 duae
356 1257 482 1331 legiones
504 1255 613 1313 duabus
633 1258 729 1332 portis
750 1259 836 1334 signa
859 1258 965 1338 efferre
987 1260 1098 1316 iussae:
1123 1259 1175 1317 serl

145 1360 185 1415 ita
200 1356 328 1435 roriferti
340 1356 476 1416 obstitere
488 1358 577 1429 Galli,
597 1367 629 1414 nt
643 1360 811 1417 clauderent
821 1362 909 1433 uiam3
925 1361 1023 1420 Plaut.
1034 1361 1098 1421 Mil.
1110 1367 1170 1419 333

144 1461 193 1518 lie
215 1459 379 1538 obsistam);
406 1462 546 1519 adsistere
568 1469 664 1520 autem
688 1460 838 1537 significat
858 1462 976 1522 adesse)
1012 1464 1173 1523 Refeilitur

65 1595 68 1599 -
145 1563 218 1622 haec
240 1562 342 1640 opinio
364 1563 429 1647 loco
445 1562 603 1636 Ciceronis,
625 1564 662 1622 de
683 1565 761 1640 legg.
778 1566 821 1638 Ι1,
845 1570 929 1639 4,10
953 1576 1054 1625 contra
1077 1585 1171 1624 omnes

145 1664 265 1722 leostinm
288 1669 389 1743 copias
410 1667 568 1725 adsistere
591 1669 621 1725 in
641 1675 739 1743 ponte.

230 1773 279 1840 35,
303 1773 321 1825 6
345 1769 448 1827 milites
471 1802 511 1814 -
535 1771 564 1826 in
587 1778 686 1828 eastra
711 1772 846 1829 Caesaris
866 1771 1070 1850 profugerunt.

227 1870 422 1949 perfregerunt
444 1872 479 1932 Ο.

230 1973 351 2057 Collatia
366 1974 438 2034 locis
454 1975 648 2054 sequentibus
658 1976 846 2053 perfugiendi
858 1976 1035 2038 vocabulum
1047 1983 1172 2054 apparet

144 2097 199 2134 usu
221 2077 342 2137 defendi
364 2078 507 2138 auctoris:
533 2083 617 2153 323
641 2081 670 2136 in
686 2081 748 2136 eins
763 2088 860 2137 eastra
880 2079 1049 2156 perfugere.
1085 2084 1135 2153 56,
1153 2085 1169 2137 3

142 2178 314 2257 perfugiunt
328 2181 358 2239 in
375 2181 510 2239 Caesaris
525 2189 634 2241 eastra.
667 2185 716 2258 51,
732 2186 749 2238 3
773 2183 802 2238 si
820 2183 872 2258 qui
887 2180 1045 2259 perfugere
1058 2182 1172 2243 uellent.

229 2283 339 2340 Eadem
368 2282 537 2361 corruptela
567 2282 599 2340 in
623 2283 648 2340 L
671 2282 800 2343 occurrit
823 2288 850 2355 8,
876 2287 892 2341 5
921 2283 1075 2362 prosngr's3
1102 2303 1171 2360 per·

136 2384 225 2461 sugis
248 2385 283 2446 0.
328 2384 409 2444 Illud
431 2404 469 2444 ne
492 2385 540 2446 W.
564 2384 683 2465 quidem
706 2387 924 2445 defendendum
947 2387 1085 2465 suscepit.

230 2493 281 2561 45,
305 2493 322 2546 5
355 2487 429 2564 elige
454 2522 492 2531 -
516 2489 660 2546 eohortem
684 2507 780 2560 arnum,
815 2508 897 2566 quam
917 2499 1007 2567 putas
1029 2510 1090 2548 esse
1102 2490 1172 2569 for-

144 2592 290 2651 tissimum.

220 2693 420 2770 firmissimam
444 2694 480 2755 Ο.

230 2797 270 2857 Ut
299 2799 440 2857 defendat
468 2817 590 2874 pravam
618 2797 699 2858 illam
730 2797 915 2874 scripturam,
945 2795 993 2856 W.
1018 2796 1172 2857 contendit

145 2900 243 2960 firmas
265 2899 323 2959 dici
347 2903 491 2974 cohortes,
514 2920 590 2979 quae
613 2901 718 2976 plenae
740 2899 802 2959 sint
823 2899 872 2960 vel
896 2899 1077 2977 frequentes.
1113 2898 1171 2958 Sed

145 3003 291 3063 refellitur
306 3002 374 3064 bell.
390 3002 466 3063 Gall.
481 3003 553 3076 VII,
570 3007 619 3077 60,
636 3007 654 3060 2
670 3005 793 3080 quinque
807 3001 949 3071 cohortes,
974 3020 1045 3080 quos
1061 3002 1172 3059 minime

135 3105 244 3182 firmas
278 3106 317 3163 ad
344 3107 533 3164 dimicandum
566 3124 626 3163 esse
655 3104 855 3175 eur'str'mabat,
891 3105 997 3161 eastris
1025 3103 1170 3180 praesidio

145 3210 291 3286 relinquit.
337 3208 407 3268 bell.
430 3207 486 3268 civ.
509 3209 568 3282 ΠΙ,
592 3212 641 3280 88,
661 3212 679 3265 4
705 3207 855 3264 Cilieensr's
877 3206 952 3282 legio
974 3239 1016 3250 -
1038 3224 1100 3263 eum
1123 3225 1171 3264 eo-

145 3310 275 3369 lortibns
290 3313 429 3387 Hispanis
452 3345 493 3353 -
516 3313 545 3368 in
568 3310 670 3367 dextro
693 3329 784 3368 eorun
807 3317 893 3367 eraut
914 3309 1092 3369 collocatae:
1116 3308 1167 3367 los

136 3413 324 3489 firmissimas
346 3433 377 3472 se
398 3413 503 3472 labere
526 3412 675 3489 Pompeius
696 3411 892 3471 eristimabat.

232 3517 322 3592 57,2
356 3517 454 3594 Scipio
484 3517 572 3574 mittit
601 3515 642 3572 ad
662 3517 818 3592 Aquinatem
848 3514 925 3575 nihil
942 3516 1089 3591 pertinere
1107 3531 1170 3570 eum

146 3619 321 3680 aduersariis
342 3620 487 3698 conloqui.
551 3616 553 3620 ’

230 3722 308 3782 nilu'l
327 3725 451 3782 attinere
473 3741 535 3780 eum
556 3754 599 3767 -
621 3722 759 3799 conloqui
779 3720 813 3780 0.

231 3823 382 3888 Quantum
412 3827 483 3900 reio,
514 3826 597 3886 nulla
620 3828 725 3884 extant
747 3822 891 3900 exempla,
922 3819 1086 3900 inquibus
1112 3838 1171 3898 quo

147 3928 217 4009 quid
247 3929 395 4006 pertineat
417 3949 477 3990 non
500 3928 541 3989 sit
561 3928 683 3989 dietum.
728 3927 792 3985 Hac
814 3928 849 3983 ut
870 3923 1003 4000 suspicor
1026 3923 1062 3980 de
1084 3941 1173 3981 causa

146 4031 193 4094 W.
215 4032 374 4113 proponit:
395 4033 471 4093 ortu
486 4034 635 4112 pertinere
657 4026 708 4119 <ad
721 4024 809 4116 rem);
839 4026 927 4088 unius
948 4025 1041 4103 igitur
1063 4025 1172 4087 codicis

949 4127 966 4186 5
