2872 4778
610 317 823 396 ...32⁶

199 508 302 578 etrent,
326 502 421 582 quetis
443 502 536 563 fuerit
558 503 685 580 scriptor
704 502 829 579 ingenii,
852 507 950 564 temen
968 504 1005 562 ed
1021 501 1229 578 gravissimum

200 605 330 664 eiusdem
366 605 410 664 rei
442 605 645 665 testimonium
679 607 809 665 nondum
842 605 1079 682 provocavimus.
1133 606 1230 682 Supra

201 709 280 767 enim
306 708 452 785 exemplis
474 708 624 768 firmatum
647 717 692 768 est
714 710 792 768 eluto
814 708 933 769 dicendi
955 708 1056 783 generi
1080 708 1230 768 studuisse

201 815 359 870 auctorem.
403 811 488 870 idem
518 818 615 872 sutem
650 811 847 888 componendi
878 812 1026 891 quendem
1051 810 1231 872 varietatem

200 917 334 988 captasse
365 912 497 989 videtur,
528 915 553 972 si
584 914 705 993 quidem
727 913 882 974 nonnullis
904 915 977 975 locis
999 915 1137 974 notiones
1160 915 1230 972 sub-

201 1015 395 1094 sequentibus
423 1016 551 1077 mutavit
581 1017 764 1095 synonymis.
809 1018 868 1077 Sed
897 1018 944 1076 his
973 1017 1046 1077 locis
1069 1014 1148 1075 nihil
1169 1014 1230 1074 nisi

201 1116 341 1177 voluntas
369 1117 515 1177 laudande
544 1128 604 1193 est,
637 1140 702 1180 eum
732 1120 824 1180 alters
852 1120 934 1180 notio
956 1125 1008 1180 cut
1029 1120 1117 1196 plene
1140 1117 1233 1178 fuerit

204 1355 306 1415 proprie
315 1354 444 1417 Scipionis,
456 1357 569 1420 Labieni,
582 1358 695 1406 otiorum.
714 1358 779 1406 Hinc
791 1359 950 1407 iudicandum
960 1364 997 1406 est
1007 1360 1037 1405 de
1045 1360 1091 1418 8,1
1108 1390 1147 1406 ...
1159 1372 1232 1419 prae·

202 1441 290 1489 sidium
309 1473 373 1499 ...,
399 1443 439 1490 eui
456 1451 574 1503 praeerat
592 1440 726 1503 Considius,
744 1452 766 1492 et
852 1461 904 1492 mem
922 1445 1028 1503 equitatu
1047 1482 1052 1492 .
1068 1479 1094 1492 ..
1113 1442 1155 1492 On.
1176 1443 1232 1490 Piso

202 1561 250 1575 ...
268 1528 391 1588 apporrsit,
408 1528 444 1576 ibi
461 1530 591 1589 paulisper
608 1526 723 1596 [Caesar]
742 1538 797 1578 onte
816 1538 913 1591 portum
930 1537 1088 1578 commoratus
1109 1561 1171 1589 ...,
1190 1529 1232 1576 ubi

202 1619 260 1673 post
287 1614 398 1661 considii
425 1619 449 1661 et
469 1615 568 1662 Pisonis
595 1616 695 1662 nomina
713 1616 827 1664 cesseris
853 1618 947 1664 diserte
973 1615 1074 1675 mentio,
1100 1629 1172 1675 quem
1191 1616 1232 1661 W.
1311 1619 1314 1624 '

203 1699 304 1757 delevit,
330 1701 470 1747 necessaris
487 1700 603 1760 scriptori
621 1700 676 1747 visa
694 1707 739 1760 est,
762 1702 834 1749 etde
853 1705 876 1762 8,
898 1705 909 1749 1
929 1701 1100 1748 morisim
1117 1701 1182 1748 ratio
1199 1700 1236 1747 ad

204 1783 388 1844 oppuqraudum
407 1819 414 1833 .
428 1823 432 1832 .
450 1823 455 1835 .
474 1787 648 1847 commorandi,
667 1802 696 1832 ne
714 1787 768 1833 dum
781 1787 807 1834 iu
818 1802 849 1834 ea
859 1803 886 1834 re
898 1783 1011 1854 [Ooesor]
1024 1794 1083 1834 esset
1095 1792 1232 1846 occupatus,

204 1870 376 1917 circumventus
396 1907 444 1920 ...
463 1871 592 1920 laboraret.
623 1872 677 1919 Hoc
694 1886 791 1931 quoque
809 1874 863 1920 loco
877 1874 918 1923 W.
931 1869 1023 1920 Caesar
1040 1873 1152 1920 resecuit.
1184 1871 1231 1919 Sed

203 1970 249 2015 per
261 1961 337 2003 totum
350 1962 425 2016 ceput
436 1956 551 2005 Caesaris
563 1958 654 2005 mentio
667 1959 775 2005 nondum
789 1959 854 2006 iaetu
865 1964 933 2020 eret3
951 1958 1041 2005 similis
1053 1959 1097 2006 etr.
1110 1958 1142 2005 sd
1156 1959 1196 2016 82,
1209 1959 1232 2005 8,

205 2040 277 2100 Quod
296 2042 317 2088 si
335 2041 411 2088 nimiu
428 2043 547 2091 sermonis
565 2043 718 2091 abundantis
735 2044 790 2091 eliis
806 2044 927 2092 firmando
947 2049 985 2091 est
997 2043 1159 2103 documentis,
1177 2049 1234 2090 unte

204 2128 288 2175 omnia
313 2129 418 2175 occurrit
444 2144 533 2190 magne
557 2130 629 2190 copie
654 2130 835 2177 enuntiatorum
852 2129 959 2177 relativo
977 2129 1143 2191 indoctorum,
1170 2142 1234 2188 quse

205 2214 267 2261 nihil
286 2215 344 2262 novi
362 2215 463 2274 addent,
488 2216 532 2262 sed
550 2216 599 2262 iem
616 2215 715 2275 cognitu
732 2215 820 2262 iterum
839 2219 960 2276 repetunt,
983 2214 1100 2262 volutet
1121 2213 1234 2272 Acyllam

205 2315 277 2360 quum
301 2299 431 2348 obsidebat.
468 2302 541 2360 12,2
569 2315 631 2359 quoe
655 2307 726 2347 eram
749 2300 860 2355 mirilico.
898 2301 974 2359 69,4
1000 2300 1042 2360 qui
1066 2299 1128 2347 iuter
1146 2299 1235 2358 equites

200 2387 343 2448 pupuobuut
367 2393 389 2433 et
411 2402 461 2432 ursa
483 2385 624 2445 pariterque
646 2401 699 2433 oum
726 2382 850 2446 equitibus
865 2399 990 2432 occurrere
1013 2392 1036 2432 et
1052 2385 1161 2446 resipere
1179 2399 1235 2434 cors-

206 2478 341 2520 suecerarst.
377 2473 452 2529 86,4
476 2471 602 2530 ducemque
619 2472 767 2531 requirerem
785 2470 863 2538 [quem
880 2467 1043 2536 respicerentl,
1070 2471 1137 2518 euim
1153 2478 1236 2519 oudo-

205 2559 277 2605 ritate
296 2591 343 2605 ...
361 2570 411 2602 rem
429 2562 543 2615 perorent.
574 2559 598 2615 9,
613 2559 625 2603 1
640 2557 692 2617 ipse
708 2572 841 2618 rursus,
858 2557 920 2605 uude
934 2556 1018 2618 pridie
1027 2564 1131 2616 emerat,
1149 2556 1237 2616 Ruspi-

206 2658 263 2690 nam
345 2643 468 2689 conuenit.
498 2644 569 2702 40,1
589 2648 642 2689 erat
659 2641 684 2688 iu
701 2656 735 2689 eo
753 2656 846 2703 campo,
864 2643 907 2690 uhi
922 2658 951 2689 ea
964 2657 1003 2690 res
1015 2641 1148 2703 qerebutur,
1167 2641 1235 2691 etilo.

207 2730 280 2789 40,4
297 2727 401 2788 leptores
420 2764 425 2775 .
442 2761 482 2787 ..,
500 2742 561 2786 quoe
574 2742 624 2788 pro
641 2729 729 2780 carris
746 2735 817 2789 eropi
833 2729 964 2776 morumne
975 2729 1030 2794 (cir.
1045 2730 1087 2788 88,
1100 2727 1134 2790 e).
1164 2730 1234 2788 86,1

207 2829 259 2861 eurr
283 2813 373 2874 codem,
398 2829 465 2872 quem
483 2827 569 2873 cupere
585 2813 679 2860 uolebat
696 2810 749 2880 (cir.
768 2819 846 2862 totum
864 2829 884 2861 c.
904 2810 957 2881 49).
993 2816 1066 2874 81,1
1091 2814 1118 2861 iu
1134 2828 1162 2860 eo
1179 2814 1238 2861 colle

208 2915 253 2959 quo
279 2905 332 2947 erat
353 2900 452 2960 potitus.
498 2903 540 2960 84,
558 2900 573 2946 3
593 2899 761 2960 proboscidem
785 2896 845 2966 [qua
868 2907 922 2947 erat
945 2897 1125 2967 mimmdotus}
1162 2902 1238 2960 86,4

208 2987 330 3034 castelium
348 3020 409 3047 ...,
434 2986 460 3032 iu
484 2985 550 3045 quod
565 2985 627 3033 Iuda
650 2985 737 3033 delli
757 2986 1031 3047 perendiqrotio
1051 2987 1199 3046 sarmentum
1217 2993 1240 3033 et

207 3087 246 3120 res
264 3080 363 3133 camos,
383 3087 445 3132 quoe
462 3073 498 3120 ad
514 3073 599 3120 bellum
615 3073 672 3120 usui
688 3073 763 3119 solent
779 3087 829 3121 esse
847 3080 1038 3134 comportaverot
1055 3071 1155 3140 (similis
1166 3073 1239 3120 huius

209 3161 307 3221 generis
319 3161 363 3208 cir.
377 3161 409 3207 sd
426 3156 509 3226 11,4).
540 3162 583 3220 41,
596 3161 612 3207 8
630 3173 691 3220 quar
708 3160 905 3221 commemoreri3
923 3159 1037 3208 similiter
1049 3162 1091 3219 41,
1104 3163 1134 3223 8,
1152 3159 1194 3218 48,
1208 3161 1238 3221 2,

211 3246 296 3309 78,1,
314 3250 356 3304 80,
371 3247 403 3308 8,
422 3249 508 3306 82,1,
527 3248 569 3306 81,
583 3249 613 3305 6,
634 3248 719 3309 68,4,
739 3248 824 3308 24,1,
844 3249 925 3304 84,1,
948 3247 1025 3305 14,1.
1055 3245 1240 3304 Alisonemple

209 3331 337 3377 extantia
356 3345 390 3377 cc.
409 3331 432 3390 6,
451 3332 482 3393 8,
501 3332 525 3389 8,
544 3333 559 3379 2
578 3351 611 3372 =
631 3333 671 3391 11,
689 3334 722 3393 4,
742 3333 782 3391 31,
803 3335 833 3392 1,
853 3331 894 3389 84,
913 3332 937 3379 8.
969 3330 1019 3379 cu.
1034 3335 1163 3391 praetereo
1177 3329 1242 3377 infru

210 3417 350 3477 uu26,1;
377 3417 419 3476 46,
439 3417 472 3478 3,
497 3417 588 3476 88,1,
615 3419 655 3477 81,
676 3419 707 3481 8,
733 3418 774 3477 84,
795 3418 818 3466 2.
855 3416 983 3464 Sufficiant
1007 3416 1069 3464 hoec
1091 3417 1122 3463 od
1140 3418 1241 3464 demon-

210 3502 337 3550 strandum
361 3501 482 3549 sermonis
499 3501 688 3562 abundantium,
714 3516 778 3562 quse
796 3503 907 3550 notendo
925 3507 962 3550 cst
980 3503 1005 3548 in
1024 3501 1082 3550 totis
1099 3502 1240 3550 enuntietis.

209 3589 273 3635 Num
301 3589 384 3636 omnis
409 3588 497 3636 efferre
523 3589 624 3636 modum
653 3589 762 3636 excedet.
799 3589 855 3636 Non
877 3589 959 3635 minos
976 3593 1057 3636 sutem
1076 3588 1200 3637 redundet
1217 3587 1243 3633 in

210 3676 315 3734 singulis
333 3674 484 3735 notionibus,
504 3689 559 3722 cum
577 3676 666 3722 mirum
685 3680 804 3733 quantum
822 3674 943 3721 amaverit
954 3688 1093 3736 synonyme
1104 3674 1241 3732 cumulare,

211 3763 279 3808 velut
298 3764 339 3821 28,
357 3764 424 3810 4-8
450 3761 498 3809 soii
520 3775 608 3821 suoque
624 3775 697 3819 repro
714 3786 748 3796 -
766 3760 813 3806 ribi
828 3761 922 3819 suisque
940 3760 1009 3807 rebus
1026 3786 1060 3796 -
1078 3759 1129 3806 suis
1145 3758 1241 3819 fluibus

212 3847 360 3908 oppidisque.
395 3850 436 3906 86,
455 3850 469 3896 8
489 3846 557 3907 apris
567 3845 712 3906 finibusque.
744 3848 785 3907 82,
803 3849 819 3893 4
837 3846 888 3892 susc
905 3845 1008 3892 inimicis
1027 3842 1242 3919 [adversariisque]

212 3947 232 3980 e.
246 3947 270 3992 q.
282 3948 302 3981 s.
338 3934 382 3983 cfr.
401 3933 498 3982 Froehl.
516 3935 537 3996 1,
564 3946 620 3995 ρας.
640 3935 688 3997 18,
715 3931 805 3980 Kochl.
823 3932 843 3994 I,
870 3945 926 3994 ρας.
944 3932 1009 3996 448,
1038 3945 1083 3981 nos
1101 3932 1133 3981 ud
1152 3932 1193 3994 26,
1212 3933 1245 3987 di

213 4020 253 4081 id,
274 4021 296 4071 2.
