2872 4778
600 355 814 432 ¹..19..

279 536 372 598 Prisc.
383 536 471 611 VIII,
483 557 512 614 p.
526 543 587 597 386
605 541 741 598 traduc
751 549 786 597 tu
803 542 842 599 ad
855 542 1012 600 custodium
1024 541 1142 618 lllyrici
1154 548 1217 603 ast.

278 641 376 700 Huius
403 641 607 701 collocationis
629 643 799 720 exemplum
820 642 852 701 in
875 643 1086 704 commentario
1108 645 1219 705 frustra

192 763 326 821 quaeres.

277 846 352 905 Toto
383 845 491 905 deinde
522 849 602 907 caele
625 845 748 907 Asinius
781 852 811 908 et
831 847 881 908 hic
904 848 1029 925 scriptor
1052 848 1166 909 distant
1186 850 1218 909 iu

192 947 355 1007 enuntiatis
387 948 554 1008 causalibus
585 950 813 1011 conformandis.
858 952 893 1010 In
924 952 972 1009 his
995 951 1073 1011 enim
1094 952 1219 1013 Asinius

191 1059 314 1127 usurpat
335 1050 540 1126 indicativum,
563 1059 593 1111 et
615 1059 649 1113 ut
670 1052 731 1112 vim
756 1059 863 1129 surgent
884 1055 1029 1114 causalem
1048 1059 1219 1132 praesertim

191 1154 290 1213 addit:
322 1173 366 1228 ep.
392 1158 441 1227 31,
465 1160 483 1213 6
515 1174 587 1232 puae
615 1159 788 1232 praesertim
810 1159 984 1233 recuperari
1002 1159 1082 1216 usello
1104 1161 1219 1235 negotio

189 1267 310 1334 pessum
323 1258 369 1334 ¹),
403 1261 453 1328 33,
479 1261 493 1314 l
525 1277 579 1334 quo
609 1259 720 1317 tardius
742 1257 847 1335 fierem
877 1262 985 1317 certsbr
1015 1293 1063 1330 -,
1098 1262 1220 1338 Lepidus

191 1359 296 1440 affecit,
332 1362 383 1436 qui
403 1392 445 1403 —
468 1362 598 1418 retenuit.
644 1365 688 1420 At
716 1361 765 1420 hic
795 1361 923 1438 scriptor
951 1381 1067 1438 semper
1097 1369 1220 1438 usurpat

190 1463 415 1524 coniunctivum
448 1481 545 1540 neque
573 1466 746 1541 praesertim
778 1464 861 1524 addit
890 1465 942 1523 sed
972 1467 1090 1541 quippe:
1127 1469 1175 1538 19,
1199 1470 1216 1522 3

190 1567 291 1642 puppe
313 1567 365 1642 qui
382 1599 426 1610 -
447 1564 506 1623 sebi
525 1564 699 1642 confiderem
723 1571 773 1639 20,
797 1572 814 1623 3
838 1570 920 1624 cuius
942 1569 1041 1643 tirops'a
1067 1601 1101 1611 -
1127 1575 1217 1642 esset;

191 1673 240 1741 69,
264 1673 280 1725 5
305 1670 358 1745 qui
376 1702 418 1712 —
440 1668 517 1727 nihil
535 1679 693 1745 gustassem
720 1673 768 1742 81,
787 1674 805 1727 2
828 1672 881 1746 qui
899 1688 1050 1747 urumquum
1072 1703 1115 1712 —
1137 1669 1219 1729 dimi-

189 1781 318 1845 cassen&
343 1776 393 1845 84,
416 1776 434 1830 3
457 1773 510 1848 qui
527 1805 571 1816 -
593 1774 710 1830 calleret.

276 1876 313 1933 In
335 1874 384 1933 his
407 1874 600 1934 subsistamus
613 1870 653 1951 2).

276 1978 333 2037 Sed
355 1984 389 2036 ut
411 1997 455 2051 ea,
484 1997 560 2056 quae
582 1977 786 2054 superioribus
809 1985 880 2038 sunt
902 1977 1046 2054 exposita,
1078 1978 1220 2038 brevibus

188 2081 489 2156 comprehendantur,
512 2099 559 2139 res
581 2079 624 2139 ita
645 2100 677 2139 se
699 2081 808 2142 habet:

276 2182 357 2247 Quas
368 2184 563 2258 Landgrafius
578 2183 704 2260 protulit
720 2203 758 2241 ex
771 2182 868 2241 Asinii
879 2181 1017 2261 reliquiis
1028 2182 1219 2258 elocutiones,

191 2286 303 2347 iniuria
325 2287 463 2362 dignatus
486 2292 531 2346 est
553 2286 673 2344 nomine
689 2285 827 2345 Asiniani
849 2284 994 2344 sermonis
1010 2283 1221 2361 speciminum:

192 2395 263 2450 sunt
292 2389 372 2451 enim
403 2408 442 2448 ex
471 2389 560 2448 huius
582 2389 690 2449 aetatis
713 2387 860 2448 communi
882 2387 1001 2462 linguae
1023 2406 1087 2448 usu.
1132 2387 1221 2447 Nullo

191 2493 284 2567 igitur
312 2492 507 2552 fundamento
530 2492 690 2567 Landgrafi
721 2491 777 2550 niti
800 2489 979 2551 sententiam
1001 2495 1094 2568 petet.
1137 2491 1221 2549 Idem

193 2601 227 2654 ut
248 2600 421 2670 statuamus,
444 2602 597 2671 praeterea
620 2593 792 2654 adducimur
814 2614 878 2653 cum
903 2593 1130 2653 difficultatibus
1151 2593 1221 2668 illis,

194 2719 269 2776 quae
307 2697 404 2775 prime
435 2698 543 2758 obtutu
572 2698 642 2757 huic
671 2697 838 2758 sententies
867 2695 1012 2771 refragari
1042 2696 1124 2757 visae
1153 2702 1222 2756 sunt

193 2804 232 2877 (v.
254 2820 321 2879 pag.
338 2807 356 2857 9
373 2800 460 2879 eqs),
483 2808 546 2860 tum
568 2799 706 2876 inprimis
728 2799 908 2860 differentiis
930 2798 1123 2873 gravissimis,
1147 2818 1222 2878 quae

193 2903 272 2964 inter
290 2903 404 2970 Asinii
441 2910 472 2964 et
511 2902 639 2963 auctoris
672 2903 812 2979 anonymi
841 2903 1032 2962 intercedunt
1063 2903 1221 2961 verborum

193 3006 339 3067 delectum
362 3010 393 3066 et
415 3005 667 3082 compositionem.

280 3108 391 3168 Temen
425 3108 525 3169 omnia
557 3109 629 3168 heco
664 3106 844 3170 levidensis!
897 3107 992 3166 Adest
1024 3105 1103 3165 enim
1136 3106 1221 3166 testis

194 3211 326 3272 omnium
354 3211 604 3289 locupletissima,
634 3213 670 3270 ed
703 3231 790 3290 quam
820 3209 950 3269 neudum
984 3209 1221 3285 provocavimus,

192 3315 289 3392 ipsam
311 3314 377 3375 dico
400 3313 604 3375 commentarii
626 3313 767 3373 indolem.

279 3417 367 3478 Hane
396 3417 482 3478 nobis
513 3415 752 3477 examinantibus
782 3421 907 3492 apparot
936 3418 1099 3487 auctorem,
1132 3414 1157 3473 si
1188 3433 1221 3472 re

194 3540 266 3580 vera
295 3520 401 3580 fuisset
417 3533 506 3581 'unus
537 3518 709 3581 eGaesaris
738 3517 950 3591 familiaribus,
981 3515 1035 3575 vix
1062 3516 1221 3575 allaturum

194 3623 287 3683 fuisse
317 3643 432 3684 caumm
466 3631 526 3683 tarn
548 3622 652 3682 falsam
675 3641 699 3680 c.
725 3622 753 3694 7,
775 3627 793 3680 4
817 3623 1026 3697 equitatumque
1048 3622 1078 3678 in
1100 3617 1222 3677 ncosbus

194 3746 302 3786 emnem
325 3729 472 3786 contenere
493 3726 634 3805 (Caesar),
657 3734 689 3783 ut
708 3723 849 3795 urdr‘trer,
878 3743 914 3781 ne
935 3724 1005 3799 agri
1024 3730 1218 3779 vastarentur.

268 3966 292 4030 l)
310 3969 345 4015 sic
362 3968 440 4015 codex
456 3967 595 4025 Mediceus;
614 3965 659 4012 cir.
677 3963 799 4023 Sohmala,
818 3976 874 4022 pag.
891 3962 931 4011 33.

264 4050 290 4116 2)
309 4053 351 4102 cfr.
363 4053 453 4102 Koebl.
464 4052 497 4111 Il,
515 4054 582 4115 5273
600 4051 663 4098 alise
682 4049 835 4099 differentiae
853 4047 918 4094 iutra
936 4046 986 4094 suis
1004 4044 1068 4094 locis
1081 4051 1221 4106 sequentur.

977 4127 1017 4185 22
