2872 4778
621 376 833 447 -95-

207 574 384 634 comparere
398 574 466 616 cum
484 560 601 635 putre
617 556 920 633 prasclsrissimcrnm
935 557 1129 618 victoriosum
1143 557 1238 618 leudi·

206 661 263 719 bus
277 664 395 733 crustu,
411 659 608 739 miserumque
622 660 702 719 hsnc
721 660 736 718 f
740 659 808 718 ilii
823 660 972 738 repulsum
988 680 1055 720 cum
1072 661 1238 722 honorifice

205 763 258 822 illu
281 763 318 821 ds
339 766 458 840 putre
479 761 584 822 hebitu
606 762 729 821 (tutonis
751 763 896 823 cretione.

293 870 344 939 26,
369 869 383 924 1
410 866 536 940 legatum
559 866 588 922 in
610 864 747 944 Africam
771 861 846 945 [oum
869 864 972 948 copiis]
985 867 1014 946 ¹)
1037 870 1157 926 uenisse.

292 967 481 1048 Quemquam
499 966 734 1027 additamentum
750 986 813 1026 curn
827 972 920 1045 copiis
934 970 1024 1048 plene
1039 975 1085 1030 est
1100 970 1237 1044 otiosum,

206 1077 307 1132 tumen
336 1071 368 1130 id
396 1071 489 1131 deleri
512 1090 601 1152 quum
624 1070 753 1131 maxime
775 1077 859 1134 vetet
880 1073 1037 1152 scriptoris
1058 1094 1140 1134 usus.
1184 1076 1236 1134 cir.

207 1180 257 1249 88,
281 1178 364 1233 3-5
398 1175 550 1233 Considius
578 1207 621 1218 -
650 1193 714 1232 cum
741 1174 813 1233 VIII
840 1176 1008 1236 cohortibus
1039 1178 1078 1236 ad
1098 1178 1236 1253 Acyllam

206 1279 250 1336 irs
272 1275 429 1336 contendit.
476 1278 601 1336 Messius
619 1283 706 1354 prior
727 1279 864 1354 Acyllam
893 1298 972 1337 cum
994 1280 1236 1340 cohortibus

203 1383 344 1457 peruenit.
393 1380 545 1438 Considius
574 1383 688 1438 interim
719 1399 781 1438 cum
811 1383 851 1440 ad
871 1382 967 1440 urtcm
997 1402 1075 1441 cum
1105 1402 1146 1442 co
1153 1385 1236 1459 piis

206 1483 374 1541 accessisset
387 1515 438 1542 —.
474 1486 559 1555 36,4
582 1482 614 1540 Ρ.
633 1484 739 1542 Sittius
760 1518 802 1528 —
824 1503 903 1542 cum
926 1487 1061 1562 copiis
1082 1484 1237 1544 Numidiae

205 1583 280 1657 fines
309 1587 457 1661 engressus
480 1586 629 1645 castellum
651 1618 693 1630 —
716 1593 761 1645 est
777 1589 900 1664 potitus.
946 1591 998 1665 49,
1024 1593 1037 1646 1
1065 1588 1173 1646 Caesar
1194 1620 1236 1630 -—

206 1705 284 1744 cum
307 1691 438 1764 copiis
456 1687 601 1766 progredi
621 1693 726 1766 coepit.
772 1690 856 1750 Idem
880 1690 909 1765 7,
931 1696 969 1765 6;
995 1693 1043 1763 11,
1066 1695 1103 1765 4;
1126 1691 1176 1764 67,
1200 1696 1235 1764 8;

208 1791 257 1864 74,
273 1796 292 1849 2
308 1810 371 1870 eqs.
405 1790 442 1849 In
464 1790 513 1849 his
533 1791 701 1864 subsistam,
722 1793 775 1851 ubi
790 1812 882 1852 unum
898 1793 1068 1871 exemplum
1083 1792 1235 1869 addidero,

207 1912 265 1972 quc
291 1901 436 1971 sppureut
459 1894 540 1953 hunc
565 1913 650 1953 usum
676 1895 814 1972 scriptori
843 1897 916 1957 odeo
944 1896 1037 1957 inisse
1063 1896 1234 1969 solemnem,

206 2002 240 2056 ut
263 2016 330 2056 eum
353 2003 537 2077 sequeretur,
568 1997 620 2056 nbi
642 2016 661 2056 s
683 1998 832 2058 sententis
854 2019 943 2079 quum
966 1998 1096 2059 maxime
1119 1999 1235 2058 alienus

206 2105 261 2161 est.
306 2101 462 2174 teguntur
484 2098 565 2158 enim
588 2105 616 2173 6,
638 2104 655 2159 5
679 2101 770 2162 huec:
792 2101 959 2160 cohortibus
977 2105 1081 2177 mucis
1102 2121 1140 2159 en
1162 2112 1236 2159 cete·

206 2205 289 2261 ranis
318 2220 392 2281 quus
421 2221 516 2261 secum
532 2192 668 2261 vlatebat
690 2207 720 2261 in
742 2213 870 2262 emtremo
892 2206 1008 2280 agmine
1029 2205 1186 2262 conlocatis
1208 2214 1237 2262 et

202 2315 289 2382 parte
309 2307 464 2384 equitatus,
490 2307 547 2364 iter
569 2307 672 2365 leniter
701 2325 780 2365 cum
809 2308 981 2384 reliquis
1001 2306 1109 2383 secere
1130 2310 1232 2385 coepit.

203 2407 310 2488 Iteqne
340 2427 406 2468 cum
437 2407 588 2470 veterinis
617 2409 792 2469 cohortibus
824 2414 855 2469 ct
883 2414 968 2488 purte
1000 2409 1151 2491 equitatus
1173 2410 1233 2470 iter

204 2511 312 2571 Oscssr
332 2531 395 2571 non
416 2510 527 2573 fecitii

288 2614 373 2674 Telis
402 2615 428 2675 si
461 2615 626 2698 quidquem
648 2614 738 2675 huius
761 2616 916 2693 scriptoris
939 2617 1048 2677 docent
1068 2617 1232 2692 ingenium.

288 2724 340 2792 26,
364 2724 381 2777 3
415 2720 540 2794 Quorum
572 2719 703 2777 lacrimis
733 2720 912 2797 querelisque
941 2721 1051 2779 Caesar
1079 2731 1233 2780 commotus

204 2840 266 2878 cum
298 2830 382 2879 antea
411 2823 608 2880 constituisset
637 2817 666 2901 [e
686 2823 802 2879 staticus
830 2818 949 2902 castris]
961 2821 991 2900 ¹)
1022 2832 1133 2880 ocstatc
1159 2827 1231 2881 unita

204 2926 316 2982 cunctis
337 2926 430 2999 copiis
451 2924 626 3001 auxiliisque
648 2926 752 2982 accc‘ti‘s
773 2923 875 2982 bellum
898 2943 961 2983 cum
979 2927 1041 2982 suis
1055 2923 1233 2983 aduersariis

200 3044 315 3102 gerere,
341 3027 469 3085 instituit
490 3027 651 3104 litterisque
673 3027 807 3085 celeriter
829 3023 873 3107 [in
890 3023 1037 3107 Sicils'um]
1057 3022 1179 3107 [missis]
1194 3027 1235 3084 ad

202 3130 339 3186 Alienum
356 3137 385 3186 et
399 3129 549 3187 Rabirium
564 3128 725 3188 Postumum
747 3132 919 3207 conscriptis
934 3138 964 3187 et
979 3149 1033 3206 per
1047 3137 1230 3206 catascopum

204 3233 308 3303 missis,
327 3240 359 3289 ut
374 3263 409 3276 -
423 3249 507 3309 quam
522 3231 672 3290 celerrime
686 3234 830 3291 exercitus
844 3232 902 3291 siti
916 3241 1169 3309 transportaretur
1183 3268 1230 3292 -.

288 3333 374 3393 Hsec
394 3333 426 3393 in
450 3335 614 3412 archetypo
638 3335 775 3395 extitisse
797 3336 931 3396 codicum
953 3336 1040 3396 dccet
1061 3355 1231 3409 consensus,

203 3436 260 3496 nisi
283 3436 364 3515 quod
385 3440 415 3496 Δ
435 3440 541 3495 accitis
563 3437 765 3516 perticipium,
789 3440 866 3518 quod
887 3439 1013 3519 reliquis
1031 3441 1063 3498 in
1080 3440 1231 3500 codicibus

205 3543 379 3616 corruptum
401 3546 454 3613 est,
480 3542 554 3600 bene
577 3542 716 3603 servivit.
757 3541 897 3601 Eiusdem
919 3542 1034 3603 librerii
1058 3543 1137 3603 felici
1161 3563 1230 3602 con·

202 3642 319 3704 iecturs
346 3644 459 3702 fuctum
485 3649 539 3717 est,
569 3648 603 3704 ut
624 3644 778 3704 omitteret
799 3645 883 3723 prius
905 3649 1000 3705 missis
1022 3646 1052 3705 in
1078 3648 1103 3705 0
1127 3650 1231 3705 nutum

202 3765 241 3804 ex
278 3745 355 3806 fulcu
385 3746 574 3827 insequentis
608 3747 761 3826 participii
793 3747 983 3824 repetitione.
1037 3749 1090 3809 cui
1122 3749 1229 3808 mendo

272 3989 296 4052 ι)
314 3989 407 4037 sesan
424 4001 477 4034 cm
494 3987 571 4048 smus
588 3987 618 4034 n.
637 4001 687 4040 res.
704 3986 745 4035 w.

269 4072 297 4138 r)
316 4073 388 4143 ,sou
402 4074 439 4122 su
456 4073 545 4122 moes
562 4073 585 4120 v
602 4072 683 4136 (ster).
