2872 4778
611 389 828 456 ..93-

200 565 281 625 nerei
302 565 443 643 potuerit,
467 564 542 626 duee
558 564 645 625 nobie
661 585 725 625 sere
740 565 871 625 offerunt
888 563 1112 641 explicationes.
1146 565 1229 626 Fieri

200 669 307 746 potuit,
336 676 371 728 ut
393 668 498 742 oretio,
520 688 588 729 oum
611 668 840 728 oommenteriue
862 668 1009 742 oderetur,
1032 668 1230 729 insereretur:

199 771 230 830 id
262 773 342 853 quod
372 770 594 849 probabilitatis
623 771 751 850 speeiem
779 791 851 849 pree
874 791 906 831 ee
929 791 989 831 uon
1011 772 1079 832 fert.
1123 773 1229 851 Neque

200 876 280 935 onim
302 874 395 935 ullum
410 876 495 936 edeet
508 875 678 951 vestigium,
702 895 761 955 quo
777 875 1021 935 commentorium
1035 881 1230 935 retractatum

201 999 265 1038 esee
295 983 449 1058 eppereet.
500 979 609 1060 Itaque
642 978 736 1038 ultore
770 979 861 1039 multo
895 979 1015 1040 videtur
1045 977 1230 1058 probabilior

201 1082 288 1156 retio,
308 1088 346 1142 'ut
367 1083 496 1159 eoriptor
516 1083 596 1141 hene
618 1081 739 1141 Getonie
761 1082 928 1142 orationem
950 1081 1079 1157 elinnde,
1102 1081 1230 1159 exempli

201 1185 298 1260 gretie
328 1205 366 1246 ex
394 1184 514 1259 litteris,
547 1204 622 1264 queo
653 1183 742 1245 Utine
770 1184 802 1243 in
825 1185 958 1244 caeseris
988 1192 1085 1245 eostre
1115 1185 1230 1244 deletae

202 1294 280 1362 eunt,
312 1287 462 1366 eeoeporit
494 1292 525 1347 et
555 1288 598 1347 oio
627 1294 662 1347 nt
690 1288 807 1364 eooopit
840 1287 872 1347 in
901 1288 1037 1347 libellum
1060 1288 1229 1353 oonieoerit.

203 1389 284 1456 Quin
305 1392 335 1450 id
358 1390 425 1452 fiori
447 1391 590 1467 potuerit,
612 1411 700 1451 nemo
723 1391 844 1452 vooobit
865 1391 896 1449 in
913 1391 1044 1465 dubium,
1068 1411 1136 1451 oum
1150 1391 1230 1450 inter

203 1501 329 1574 utreque
352 1501 448 1554 ouetre
470 1495 680 1555 oommeroium
701 1494 794 1554 iniere
817 1493 888 1553 eatis
907 1494 1024 1553 eelebro
1038 1495 1230 1571 perfugarum

203 1596 456 1679 epistularumque
478 1598 590 1658 anxilio
614 1618 653 1656 ex
667 1599 732 1677 ipse
747 1597 862 1658 olueoet
876 1596 1031 1675 eoriptorie
1048 1597 1229 1657 remotione.

203 1701 312 1760 Porum
341 1701 435 1776 igitur
462 1707 547 1762 oeute
570 1703 618 1764 W.
640 1702 672 1760 in
694 1702 773 1761 hene
795 1700 960 1761 orationem
982 1701 1085 1761 intulit
1107 1701 1230 1776 genuini

203 1803 291 1863 Aeini
314 1804 460 1865 sermonis
482 1805 692 1866 dooumeutum
715 1837 756 1848 -
778 1804 953 1867 edverbium
976 1804 1042 1865 dieo
1059 1806 1148 1883 plene
1163 1805 1229 1882 (ofr.

203 1926 271 1983 pog.
295 1911 331 1965 16
355 1929 384 1969 v.
407 1908 438 1987 8)
462 1941 501 1953 —
525 1909 701 1987 praesertim
723 1927 790 1967 oum
814 1908 933 1967 omnino
957 1908 1035 1968 nihil
1058 1909 1230 1968 mutandum

203 2011 251 2070 eit
294 2011 508 2071 Examinemus
537 2011 617 2071 onim
647 2011 735 2087 peulo
766 2011 934 2071 eoouretiue
962 2012 1116 2090 eoriptorie
1138 2012 1231 2073 verbe

202 2117 250 2188 §1
279 2114 356 2172 Tuus
374 2123 461 2191 puter
482 2133 544 2173 oum
567 2147 609 2160 -
631 2115 882 2173 animadvertisset
903 2112 1105 2190 rempublicam
1126 2132 1143 2169 e
1162 2131 1231 2189 per·

203 2217 271 2276 ditis
292 2217 499 2294 sceleratisque
520 2217 629 2276 orbibus
651 2235 816 2294 oppressam
839 2217 980 2293 bonosque
998 2225 1050 2274 eut
1066 2215 1231 2292 r'rrterfeotoe

204 2314 286 2402 (erse)
300 2319 330 2397 l)
363 2329 416 2378 out
447 2320 536 2377 emilie
570 2320 706 2378 multatos
731 2322 832 2395 patrio
862 2321 1034 2396 erbr‘toteque
1061 2336 1161 2376 carere
1190 2352 1230 2359 —

202 2441 295 2499 poene
325 2441 491 2500 oppressum
520 2419 749 2502 sundr‘tuequei)
782 2421 900 2480 deletum
931 2423 1047 2481 Itulr'um
1081 2420 1232 2497 urbemque

205 2527 319 2584 Remum
343 2528 373 2584 r'n
395 2525 556 2584 libertatem
579 2525 746 2585 vindemie.

289 2629 339 2688 Ad
368 2629 443 2690 hneo
475 2630 539 2690 W.:
571 2647 664 2704 poene
694 2649 869 2706 perversum
901 2634 962 2702 est,
998 2628 1075 2708 quod
1107 2647 1231 2703 peene

207 2751 442 2809 oppressum
472 2752 533 2793 non
555 2737 655 2811 potent
676 2732 734 2792 diei
759 2732 836 2813 quod
859 2732 937 2790 idem
968 2731 1157 2790 funditur
1188 2735 1233 2790 oet

206 2835 394 2909 deletum,
418 2841 448 2896 et
464 2836 534 2917 quie
548 2855 638 2915 supro
651 2835 865 2913 rempublioem
888 2852 1118 2912 oppressum
1140 2833 1232 2891 fnisse

208 2937 333 3000 dixerut.
377 2942 420 2999 At
441 2940 639 3018 proetervidit
660 2940 760 3018 priore
782 2937 846 2999 looo
869 2937 917 3012 ogi
939 2937 977 2995 de
1000 2935 1232 3014 republioe,

206 3041 300 3102 eltero
323 3042 368 3102 de
390 3044 518 3103 Itelie
541 3063 593 3103 eeu
615 3042 714 3121 potine
737 3041 774 3101 de
797 3046 905 3101 terro
925 3038 1088 3099 Iteliee.
1126 3039 1232 3117 Ituque

207 3144 316 3221 perditi
339 3151 370 3206 et
391 3147 529 3208 eoelereti
552 3149 634 3207 niver
657 3144 869 3223 rempublioum
885 3162 1055 3221 oppressum
1072 3142 1231 3202 tenebunt:

207 3267 276 3307 nem
291 3249 420 3309 Merioni
442 3253 516 3311 urbo
539 3249 627 3329 potiti
651 3249 752 3309 omnie
774 3247 829 3307 eoli
852 3246 1109 3306 edminietrebent.
1145 3244 1233 3304 Itelie

207 3356 306 3410 eutem
328 3351 416 3412 bellio
438 3354 683 3414 enteoedentibur
705 3351 840 3411 funditus
863 3350 962 3410 delete
983 3356 1082 3409 temen
1111 3368 1232 3428 poene

207 3459 323 3513 tentum
354 3475 495 3533 oppresse
521 3456 581 3516 dioi
610 3455 718 3534 potuit,
750 3454 820 3535 quie
848 3456 899 3515 On.
923 3453 1082 3532 Pompeius
1105 3455 1233 3527 Magnus

208 3556 327 3616 Iteliom
350 3558 573 3620 meridionalem
588 3559 689 3619 Sulleo
711 3558 885 3618 retinuerat.
919 3559 1027 3638 Iteque
1045 3557 1119 3615 bueo
1134 3554 1233 3614 omnio

208 3659 232 3717 ei
256 3660 419 3741 quidquem
441 3682 512 3722 eene
534 3668 604 3722 eunt
626 3666 657 3723 et
678 3663 806 3742 pleoent.

279 3915 304 3982 1)
322 3933 373 3968 eme
392 3918 548 3967 inserendum
566 3924 691 3980 putemne,
711 3934 742 3967 ne
753 3917 892 3978 imerseotoe
903 3932 934 3966 ex
945 3932 1023 3977 eoquo
1036 3914 1233 3976 ooniungendum

208 4003 322 4053 videntur
340 4020 369 4053 eo
386 4003 497 4053 multator
514 4032 549 4042 -
566 4019 657 4052 cerere.

277 4091 430 4159 omem,
446 4107 470 4143 e.
