2872 4778
603 359 753 431 -122
794 397 847 414 ..A

204 557 244 597 ex
272 539 448 616 eruptionem
470 535 603 614 suriunt.
649 537 707 596 seo
738 533 936 613 praetervidit
964 534 1020 594 hoo
1046 533 1237 595 verbositatis

204 660 316 717 genus,
350 661 408 720 quo
439 643 580 719 apparet,
617 642 745 718 qusntcs
777 637 947 700 difficultati
979 637 1070 697 fuerit
1098 636 1238 713 scriptori

205 744 307 819 lingue
337 745 487 805 commode
515 745 694 821 usurpanda,
725 742 843 819 saepius
864 740 1006 815 inveniri,
1036 741 1120 802 velut
1144 740 1193 814 76,
1222 746 1234 799 l

204 847 424 927 interserto
451 848 618 926 proesil
626 849 639 906 i
645 866 662 904 o
685 848 831 923 Scipionis
856 879 895 888 -
910 845 1035 925 sortiter
1056 854 1238 930 repugnante

205 953 237 1009 P.
258 951 392 1011 Cornelio
415 983 455 1017 -,-
478 958 564 1029 utque
585 952 776 1008 circumuento
799 947 1109 1027 interfectoque.
1151 948 1236 1022 72,4

204 1074 259 1132 quo
282 1055 362 1113 111111
381 1089 415 1099 -
433 1063 621 1129 cognosceret
643 1054 693 1111 cui
707 1054 797 1129 porti
818 1053 950 1129 corporis
972 1054 1032 1109 eius
1048 1051 1133 1109 telum
1147 1051 1238 1130 focile

204 1157 288 1232 udigi
307 1165 416 1234 posset,
450 1165 625 1234 ornatusque
654 1176 689 1214 ue
721 1155 863 1214 loricatus
893 1173 956 1213 cunr
986 1164 1061 1213 esset
1087 1155 1234 1233 elephans,

204 1278 297 1337 quoe
322 1261 624 1336 perscorporis
648 1260 1246 1335 11111111ί1ς111·11111111·1-.

205 1362 478 1440 linqueretur,
504 1372 544 1420 ut
565 1382 603 1421 eo
626 1363 704 1422 telo
727 1363 1030 1434 conicerentur3
1052 1362 1116 1422 sim.
1134 1367 1184 1436 39,
1201 1367 1237 1437 23

206 1470 255 1540 eo,
282 1470 314 1537 1;
338 1465 387 1540 ts,
411 1471 429 1524 e
454 1484 514 1544 eqs.

291 1573 341 1644 85,
365 1573 447 1627 4-5
475 1603 516 1612 —-
535 1571 672 1645 protinus
697 1568 802 1648 [orurr's
824 1565 958 1647 1111111]
981 1569 1011 1626 in
1033 1570 1116 1645 regio
1139 1578 1238 1628 rostro

194 1669 308 1748 sugere
330 1672 504 1731 contendunt
524 1704 566 1716 —
588 1672 741 1749 desperato
763 1670 858 1729 solute
881 1673 911 1729 in
934 1671 1056 1748 quodum
1078 1673 1152 1730 colle
1170 1692 1238 1731 con-

203 1776 310 1831 sistunt
344 1782 429 1852 utque
465 1776 554 1831 ornis
587 1772 740 1852 [limoso]
772 1773 973 1833 salutationem
1005 1793 1083 1832 more
1114 1775 1239 1833 militari

195 1875 334 1955 socient.

290 1978 336 2038 W.
371 1977 493 2040 seclusit
522 1982 612 2038 uronis
641 1979 771 2039 obtectis.
823 1982 979 2058 Apparere
1010 1978 1090 2040 enim
1121 1999 1159 2041 ex
1191 1979 1236 2038 in·

204 2083 397 2162 sequentibus
429 2085 518 2142 ormr's
547 2082 640 2161 (dolet
663 2082 742 2143 enim
765 2086 795 2143 et
816 2083 953 2161 1111111111)
984 2081 1094 2142 milites
1118 2102 1152 2143 ea
1176 2103 1237 2142 non

204 2186 356 2248 obiecisse.
399 2189 443 2246 At
471 2186 524 2247 illo
556 2187 619 2246 loco
651 2188 740 2244 uronis
761 2185 879 2245 ols'ccts's
904 2185 1092 2262 aptissimum
1115 2206 1180 2245 esse
1201 2186 1234 2246 in

203 2288 350 2350 militibus
382 2271 582 2364 fugientibus
598 2290 688 2366 patet.
744 2293 846 2368 Atque
880 2308 1027 2349 armorum
1060 2290 1236 2350 vocobulum

204 2390 343 2469 inprimis
365 2391 533 2468 significare
556 2396 649 2467 scuta,
672 2391 789 2463 loricas,
813 2393 913 2466 goless
929 2393 1066 2470 exemplo
1080 2394 1189 2453 docent
1203 2396 1237 2450 ut

202 2495 270 2554 bell.
294 2494 381 2572 Hisp.
406 2500 433 2569 9,
458 2501 477 2554 4
509 2496 594 2553 multi
609 2505 762 2572 praetereo
794 2498 914 2554 ornis
943 2498 1056 2555 eruti
1074 2495 1231 2574 sugerunt,

202 2615 323 2676 quorum
354 2605 437 2655 scuto
459 2606 526 2655 sunt
547 2599 642 2655 reloto
665 2598 786 2656 LXXX.
840 2602 886 2672 15,
911 2604 930 2658 4
959 2633 1000 2644 —-
1022 2598 1236 2676 compluresque

203 2702 292 2758 orrns's
314 2719 386 2758 111
398 2709 409 2757 t
421 2701 435 2758 i
455 2731 496 2744 -
519 2702 548 2758 in
571 2709 670 2759 rostro
692 2711 760 2759 1111
773 2702 895 2761 reducti.
933 2703 1036 2764 Altero
1051 2701 1115 2762 loco
1132 2702 1235 2762 erohe-

202 2807 292 2882 typus
316 2802 496 2864 exhibuerat
519 2805 609 2862 ornis
625 2803 760 2864 dimessis.
799 2805 876 2865 Num
899 2806 979 2885 quod
1000 2805 1235 2883 Apertieipium

203 2906 324 2981 omittit,
355 2909 379 2967 L
409 2907 453 2984 (in
476 2906 609 2981 margine
632 2927 676 2984 pr.
700 2908 751 2984 m.)
774 2910 869 2967 missis
891 2910 1023 2985 praebet,
1056 2908 1236 2969 molliusest

201 3009 351 3072 momenti.
395 3012 459 3070 iam
489 3030 556 3071 cum
588 3009 698 3070 milites
729 3011 819 3071 ermis
852 3011 997 3073 dimissis
1027 3013 1234 3073 salutationem

202 3116 300 3175 lacere
322 3117 475 3194 nequeunt
497 3133 574 3172 more
590 3113 721 3188 militari,
744 3113 872 3174 editores
892 3134 945 3175 suo
960 3114 1025 3176 iuro
1041 3118 1235 3176 correxerunt

202 3220 291 3275 ornis
313 3216 468 3291 demissis,
496 3216 539 3276 its
561 3221 596 3277 ut
617 3219 707 3276 uronis
730 3217 861 3276 1111111111
883 3218 1016 3277 solutore
1036 3218 1115 3279 idem
1138 3218 1178 3278 sit
1200 3238 1234 3277 ee

201 3329 273 3378 nutu
294 3328 324 3377 et
344 3321 427 3378 motis
449 3322 539 3379 armis
560 3321 709 3379 solutore:
733 3318 836 3399 itaque
860 3324 891 3380 et
912 3321 986 3381 huso
1007 3324 1099 3382 verbu
1121 3320 1233 3398 optime

202 3442 233 3483 se
265 3423 393 3495 hebent,
425 3422 514 3482 modo
543 3442 628 3481 ormo
659 3421 828 3498 significent
859 3424 920 3483 tels
952 3442 1004 3483 seu
1035 3444 1129 3484 enses.
1180 3425 1232 3484 olr.

201 3525 297 3586 Lucil.
327 3527 430 3585 Phers.
462 3525 516 3599 IV,
548 3525 606 3585 173
637 3536 708 3584 nutu
738 3535 867 3604 motoque
896 3527 1028 3586 salutant
1056 3546 1122 3585 ense
1152 3546 1230 3586 suos.

201 3627 392 3706 Quapropter
420 3630 512 3689 verbo
537 3631 627 3689 ormr's
649 3628 768 3688 ulz'ectis
792 3633 822 3689 st
848 3632 937 3689 otonis
959 3630 1087 3688 dernissis
1110 3629 1233 3690 minime

199 3731 280 3795 iuter
302 3751 333 3792 se
356 3730 506 3792 contrarie
527 3735 605 3806 sunt,
629 3736 662 3793 ut
683 3731 804 3809 putsvit
818 3733 885 3794 W.:
906 3731 939 3793 ir
961 3732 1055 3793 solum
1077 3732 1233 3792 molestum

201 3840 262 3910 est,
296 3834 374 3914 quod
407 3833 561 3912 scriptoris
589 3834 780 3911 neglegentis
802 3839 832 3894 et
861 3855 966 3895 arms
997 3840 1029 3897 st
1058 3836 1144 3896 tels
1173 3855 1237 3895 uno·

200 3937 344 3999 vocabulo
367 3952 566 3998 armorum
587 3937 779 4014 significavit.
823 3937 967 3999 Similiter
992 3943 1041 4013 89,
1068 3944 1081 3998 1
1113 3940 1232 3998 ermis

190 4039 343 4118 frumento
371 4042 548 4121 pecuniisque
578 4040 778 4114 considerato,
816 4046 972 4132 postquem
1001 4044 1089 4109 111111
1111 4040 1234 4129 scripsit
