2872 4778
615 313 828 382 -12..

205 488 239 550 L.
256 486 410 549 contendit
431 487 564 549 inveniri
580 488 804 549 collocationem
819 488 850 547 in
867 488 1073 550 commentarii
1089 509 1112 550 c.
1130 487 1181 564 97,
1202 495 1236 552 l:

206 594 324 668 Crispus
349 592 509 650 Sallustius
533 594 636 665 6187,
660 599 696 652 8:
711 564 804 651 ⁹Sulla
827 593 961 650 Faustus.
1010 596 1052 652 Δ1
1077 592 1130 652 ille
1153 593 1234 652 locus

204 694 287 754 nulla
315 693 423 754 nititur
449 695 580 755 codicum
604 694 780 755 auctoritate
809 694 1011 773 (scribendum
1034 715 1097 755 esse
1120 698 1233 756 nudum

204 797 326 859 Sallusti
355 818 464 858 nomen
495 797 554 857 iam
584 799 695 859 dudum
725 798 943 859 intellexerunt
964 797 1121 876 editores);
1157 798 1235 859 alter

204 906 305 962 autem
327 921 392 960 cnm
415 902 480 961 loco
503 900 648 978 epistulae
671 901 835 978 comparari
857 921 917 961 non
939 907 1047 978 potest

290 1004 365 1063 Nem
387 1002 541 1064 insolitum
564 1025 598 1064 ao
620 1024 730 1065 novum
753 1003 856 1065 Fausti
880 1023 1121 1081 praenomen
1144 1003 1232 1064 etiam

205 1106 458 1181 cognominis
494 1106 588 1166 instar
619 1106 752 1183 legitime
785 1106 925 1184 postponi
959 1126 1047 1183 posse
1074 1105 1234 1167 videbatur

204 1210 269 1284 (cir.
286 1209 349 1272 (1.1.
358 1211 391 1270 L.
407 1211 432 1282 Ι,
449 1215 510 1270 818
525 1211 656 1270 Ls'cs‘us’as
668 1211 807 1284 Fouslua3
825 1212 906 1270 1037
920 1209 1232 1287 Seplr’ms'asl’auslus).

204 1311 291 1372 Nullo
322 1311 414 1387 igitur
443 1314 508 1373 loco
538 1333 591 1390 per
620 1318 714 1373 totum
737 1313 980 1373 commentarium
1002 1312 1055 1372 illa
1075 1309 1232 1372 nominum

203 1414 356 1476 collocatio
380 1415 544 1478 invenitur.
579 1416 664 1476 Etsi
688 1436 723 1474 ea
746 1415 942 1488 inveniretur,
964 1414 1024 1475 iam
1040 1433 1118 1473 nuno
1132 1434 1233 1474 mone-

203 1538 286 1576 amus
314 1518 385 1579 licet
406 1519 476 1578 hnic
498 1518 542 1578 rei
565 1517 658 1578 tribui
680 1539 767 1597 posse
789 1537 827 1579 ne
849 1517 1003 1576 minimum
1026 1516 1147 1596 quidem
1169 1537 1233 1577 mo·

203 1629 345 1681 mentum.
398 1622 480 1681 llaec
511 1621 590 1680 enim
622 1641 709 1699 quam
741 1620 897 1697 usurpavit
925 1619 1049 1679 Asinius
1078 1619 1232 1679 collocatio

203 1723 276 1782 adeo
309 1743 368 1782 non
390 1724 455 1785 eins
478 1724 622 1785 sermonis
644 1723 795 1800 specimen
818 1729 871 1797 est,
903 1724 1035 1799 utapud
1058 1722 1232 1783 611666166-

201 1827 268 1885 dem
299 1827 405 1886 aetatis
428 1826 546 1903 saepius
570 1834 704 1887 occurrat
726 1826 894 1905 scriptores,
925 1827 1010 1887 velut
1032 1826 1111 1902 apud
1133 1824 1231 1902 ipsum

202 1929 356 1988 Gaesarem
379 1930 448 1990 bell.
467 1929 523 1989 civ.
540 1931 582 2004 11,
599 1935 649 2004 38,
666 1934 683 1988 t
702 1932 794 1988 Varus
809 1931 919 2008 qualem
936 1932 1045 2002 Attius,
1067 1929 1127 2002 111,
1143 1934 1193 2001 83,
1216 1933 1228 1986 l

202 2031 394 2110 Spintherque
417 2034 565 2092 Lentulus.

287 2136 379 2196 Porro
408 2157 432 2196 o.
467 2141 513 2210 12,
542 2141 555 2195 1
591 2134 708 2197 codices
740 2155 843 2196 omnes
872 2137 1017 2214 praebent
1047 2145 1075 2192 ee
1106 2135 1229 2207 leucade,

201 2257 276 2316 quae
308 2238 439 2299 vocativi
467 2241 561 2299 forma
592 2246 623 2300 61
650 2239 772 2315 linguae
803 2259 859 2298 usu
889 2237 1058 2297 defenditur
1081 2237 1229 2297 etaltera

201 2341 338 2416 exemplo
362 2362 423 2420 cap.
447 2347 493 2419 16,
519 2346 545 2413 1,
567 2342 618 2400 ubi
642 2342 673 2400 in
697 2343 859 2419 archetypo
882 2340 1023 2416 scriptum
1046 2340 1138 2401 inisse
1161 2360 1229 2398 con-

201 2449 259 2502 stat
274 2444 481 2521 666166666161).
513 2447 577 2504 Iam
600 2452 696 2503 autem
720 2444 751 2503 in
768 2442 855 2504 Asini
879 2443 1007 2520 epistula
1030 2449 1113 2514 33,3
1137 2443 1230 2502 altera

200 2547 296 2604 forma
317 2545 426 2621 legitur
448 2547 588 2606 hercules.

286 2650 393 2726 ltaque
416 2669 481 2710 oum
504 2648 550 2708 illi
573 2651 631 2710 duo
655 2649 711 2710 looi
735 2655 837 2725 aperte
859 2651 992 2710 facerent
1013 2653 1115 2709 contra
1131 2649 1229 2706 Land-

199 2751 274 2826 grafi
296 2751 481 2824 senteutiam,
503 2753 583 2812 aW.
605 2753 711 2812 mutati
735 2757 804 2811 suut
826 2751 857 2811 in
880 2762 908 2810 cl
923 2752 1053 2810 hercules
1076 2757 1107 2810 61
1122 2751 1228 2807 meler-

199 2854 285 2912 cules.
330 2854 420 2914 Nulla
452 2863 550 2915 autem
580 2876 667 2915 causa
697 2863 758 2928 est,
792 2875 844 2914 cnr
873 2855 1027 2915 vocativus
1060 2855 1189 2912 torculos
1212 2876 1230 2913 a

200 2957 343 3018 Cicerone
365 2959 524 3037 spretus¹)
550 2961 603 3019 sed
625 2961 662 3019 ab
685 2959 791 3019 Asinio
814 2966 974 3036 usurpatus
997 2954 1136 3034 scriptori
1157 2955 1229 3015 hnic

200 3061 385 3122 obtrudatur.

285 3163 370 3224 Idem
392 3166 454 3224 fere
476 3165 556 3224 cadit
576 3165 608 3226 in
627 3164 751 3224 alterum
767 3164 873 3237 locum,
896 3163 947 3243 qui
962 3163 1117 3223 iuvenitur
1134 3163 1182 3233 ts,
1200 3166 1228 3232 3,

200 3264 251 3323 ubi
274 3266 420 3326 exhibent
441 3267 512 3328 libri
535 3271 610 3347 quod
631 3268 752 3325 hostium
775 3270 872 3344 copias
888 3267 924 3324 ab
939 3286 969 3324 66
984 3286 1090 3344 suoque
1106 3267 1228 3340 uestigio

199 3389 256 3426 ason
279 3369 456 3428 detracturos
478 3371 672 3443 cotinuabat,
697 3369 757 3430 nisi
780 3372 857 3450 quod
881 3372 904 3430 P
927 3390 972 3449 aas
996 3388 1125 3447 sacroue,
1149 3367 1174 3426 V
1198 3358 1229 3427 tt

199 3491 330 3550 suasque,
354 3473 379 3532 U
397 3493 519 3551 auosque
540 3475 693 3551 praebent.
729 3474 800 3533 Cum
817 3493 919 3534 omnes
934 3473 1049 3533 codices
1065 3473 1228 3532 exhibeant

200 3575 361 3634 ablativum
392 3579 528 3653 uestigio,
565 3578 643 3636 ALP
673 3582 703 3636 et
732 3577 785 3636 FD
818 3575 933 3637 codices
965 3594 1088 3653 ausoque:
1123 3595 1228 3654 auoque

271 3830 296 3894 1)
313 3832 492 3881 meherculam:
510 3833 561 3880 LP.

269 3916 294 3980 2)
312 3917 365 3966 (116.
389 3923 473 3967 orator
492 3920 555 3968 lov:
582 3917 710 3979 „libratior
734 3916 835 3968 &aaa
862 3916 1049 3969 6661666616
1071 3930 1144 3983 paam
1167 3931 1227 3965 mc·

198 4003 375 4059 1666667661.
