2872 4778
582 364 794 429 -37-

171 534 288 595 Deinde
321 537 448 596 omnia
480 540 606 598 verba
636 539 783 618 quibus
813 559 948 599 carere
977 560 1046 600 nos
1074 562 1197 621 posse

171 639 352 715 putavit,
386 640 521 700 sicubi
554 640 593 701 in
626 641 723 703 aliis
753 643 967 703 codicibus
995 643 1075 703 alio
1106 645 1197 704 loco

171 741 304 819 posita
336 743 530 819 leguntur
551 750 619 805 aut
640 745 797 806 omnino
821 745 969 805 omissa
991 751 1102 820 sunt,
1134 753 1197 807 ut·

171 848 265 922 pcto
287 864 305 903 a
327 847 585 921 grammatico
608 847 748 908 addita
770 849 932 908 delevit.

254 948 320 1007 Hac
349 954 447 1008 autem
473 970 540 1009 curn
563 950 709 1010 niteretur
730 949 864 1011 codicum
886 950 1094 1028 discrepantia,
1124 952 1197 1032 quid

171 1049 281 1126 singuli
303 1051 419 1111 codices
442 1052 500 1114 sibi
522 1053 711 1113 vindicarent
733 1053 929 1128 auctoritatis,
952 1073 1010 1114 non
1034 1053 1195 1134 quaesivit.

170 1155 245 1213 Nam
268 1153 429 1230 plurimum
452 1155 560 1216 tribuit
581 1157 637 1215 hac
652 1155 683 1215 in
699 1175 731 1215 re
746 1156 856 1216 codicis
872 1157 1027 1216 Leidensis
1041 1157 1197 1234 scripturis

170 1276 382 1332 saepenumero
405 1257 616 1333 singularibus,
640 1258 723 1338 quasi
745 1258 771 1318 is
786 1258 944 1336 primarius
959 1259 1097 1320 veritatis
1112 1260 1197 1320 testis

170 1359 347 1436 scripturam
377 1360 463 1419 nobis
493 1361 661 1422 servaverit
688 1362 768 1422 solus
789 1361 950 1434 illibatam;
982 1383 1070 1443 quam
1092 1350 1197 1440 parum

169 1469 256 1536 recte,
279 1481 350 1521 mox
371 1461 547 1523 videbimus.

253 1567 361 1644 Itaque
394 1566 591 1626 necessarium
626 1567 700 1626 duxi
732 1571 827 1628 totum
860 1571 1019 1627 retractare
1048 1586 1196 1627 commen·

168 1666 287 1728 tarium.
332 1666 399 1731 Qua
420 1667 452 1726 in
475 1667 678 1745 disputatione
701 1689 764 1728 eam
785 1669 936 1744 ingressus
958 1690 1023 1729 sum
1044 1669 1133 1744 viam,
1162 1677 1197 1730 ut

169 1771 267 1830 omnia
297 1773 333 1830 ad
364 1770 454 1830 solam
481 1773 616 1832 codicum
648 1771 854 1833 auctoritatem
876 1792 1022 1835 revocem.
1064 1772 1197 1832 'lumea

169 1875 284 1933 demum
308 1874 434 1934 delenda
457 1881 553 1949 erunt,
576 1896 652 1955 quae
675 1877 838 1935 abhorrent
860 1880 891 1935 et
912 1875 1062 1951 alinguae
1083 1875 1196 1935 latinae

168 1976 268 2036 indole
300 1983 329 2037 et
359 1979 396 2036 ab
422 1977 541 2038 huius
563 1978 717 2056 scriptoris
739 1999 803 2052 usu,
833 1998 887 2038 nec
909 1979 1050 2055 coniungi
1072 1984 1197 2055 possunt

168 2098 233 2138 cum
254 2081 344 2139 rebus
366 2080 467 2155 gestis.

254 2184 317 2241 Iam
339 2183 508 2260 proximum
526 2188 572 2244 est
586 2185 764 2258 examinare,
788 2204 863 2263 quae
878 2183 953 2244 ratic
968 2183 1048 2243 inter
1062 2183 1195 2260 singulos

167 2283 333 2346 intercedat
355 2286 480 2360 codices,
508 2292 543 2346 ut
564 2288 684 2347 tandem
706 2287 865 2366 aliquando
888 2286 1069 2346 recensionis
1091 2289 1196 2346 funda·

168 2393 300 2449 mentum
334 2390 449 2448 firmum
486 2394 627 2467 ponatur,
665 2390 712 2450 cui
747 2390 915 2450 emendatio
946 2389 1100 2467 scriptoris
1130 2395 1196 2450 tuto

168 2492 332 2568 superstrui
354 2492 456 2570 possit.

579 2728 782 2738 ——.—.

662 2973 703 3038 11.

252 3108 298 3168 De
328 3109 462 3170 codicum
493 3109 646 3170 adfinitate
676 3114 706 3168 et
730 3108 905 3168 auctoritate
928 3105 1099 3186 quaesituro
1121 3105 1196 3165 mihi

168 3210 416 3289 praemittendum
447 3217 492 3273 est
514 3231 560 3273 me
581 3212 614 3271 in
636 3213 725 3272 huius
747 3211 838 3272 solius
860 3208 1064 3269 commentarii
1085 3209 1196 3268 finibus

166 3313 400 3390 disputationem
442 3335 534 3375 meam
572 3315 773 3375 cohibiturum
808 3333 871 3373 esse
902 3317 1077 3390 propterea,
1116 3314 1195 3392 quod

167 3416 301 3477 codicum
331 3421 360 3477 A
385 3424 416 3478 et
437 3420 466 3477 L·
493 3418 601 3479 notitia
632 3418 796 3478 accuratior
826 3438 886 3477 non
916 3416 1037 3477 aliunde
1067 3415 1126 3476 nisi
1157 3435 1196 3475 ex

167 3519 338 3579 Woelfflini
359 3520 448 3580 huius
471 3520 676 3581 commentarii
698 3520 831 3582 editione
853 3519 917 3597 peti
936 3519 1044 3597 potuit.
1087 3520 1195 3599 Itaque

167 3642 344 3702 quamquam
366 3643 539 3700 persuasum
560 3625 703 3683 habemus
726 3644 801 3704 quae
824 3643 863 3682 ex
884 3623 973 3682 huius
991 3621 1196 3683 commentarii

167 3725 304 3785 examine
335 3729 371 3786 de
405 3726 539 3786 codicum
561 3726 677 3787 ratione
701 3726 922 3787 enucleavimus
944 3725 977 3785 in
1000 3743 1101 3785 omnes
1123 3744 1195 3803 que·

167 3828 262 3903 (hare,
287 3834 387 3888 tamen
409 3830 465 3889 hoc
488 3829 667 3906 generaliter
690 3832 890 3890 demonstrare
912 3827 1018 3888 invitis
1041 3825 1127 3886 nobis
1149 3846 1196 3886 re-

164 3928 364 4010 linquendum
400 3932 461 3992 fuit
494 3932 602 4013 quibus
632 3934 721 4015 plena
750 3932 869 3995 illorum
899 3929 1033 3991 codicum
1064 3928 1195 4006 cognitio

165 4042 282 4117 praesto
305 4035 371 4100 crit.
