2872 4778
597 381 639 397 -·-
684 346 748 413 118.
789 382 838 398 --

203 520 340 597 Thespiae
369 522 513 580 cessentur.
566 521 705 600 Denique
737 541 771 581 ea
801 540 920 603 quoque
949 541 981 581 re
1010 521 1059 582 W.
1091 523 1128 580 ad
1160 543 1230 582 con·

199 622 342 682 iecturam
373 643 455 684 suam
484 625 628 684 adductus
659 628 712 698 est,
744 623 816 703 quia
846 625 1031 684 desideretur
1060 644 1151 702 supra
1179 627 1232 688 vel

199 726 257 784 tale
281 725 363 805 quid.
406 726 566 787 Rafellitur
594 727 652 786 hoc
675 732 725 800 48,
750 733 763 787 l
797 746 859 785 eum
882 728 923 785 eis
945 730 1036 804 copiis
1059 747 1131 806 quus
1154 748 1231 786 eom-

200 847 362 888 mensuruus.

287 931 371 1007 75,n
394 942 480 1011 utque
502 930 588 1012 [iter]
611 933 651 991 od
672 933 803 1011 oppedum
823 935 979 992 Sassuram
1003 935 1046 992 ire
1069 935 1228 992 contendit.

287 1038 455 1115 Antequam
486 1036 522 1095 de
551 1035 666 1095 ratione
696 1055 771 1114 quae
792 1035 873 1095 inter
895 1035 1010 1095 codices
1031 1036 1234 1098 intercederet

200 1142 359 1213 constaret,
381 1158 448 1198 cum
463 1138 513 1197 LP
536 1140 591 1196 iter
614 1138 795 1212 omitterent,
817 1137 944 1198 editores
963 1139 1068 1199 horum
1082 1139 1234 1201 librorum

200 1240 406 1301 anctoritatem
421 1240 506 1321 sequi
521 1244 691 1318 potuerunt.
718 1243 782 1300 Iam
797 1244 895 1302 autem
910 1248 1033 1318 apparet
1044 1244 1234 1318 vocabulum,

201 1365 266 1403 eum
290 1344 374 1405 etin
397 1366 415 1402 u
436 1344 493 1425 (=
508 1344 576 1423 AV)
598 1349 629 1404 et
649 1343 682 1404 in
705 1342 725 1420 β
746 1344 927 1418 inveniatur,
949 1345 982 1403 in
997 1346 1162 1424 archetypo
1179 1367 1234 1407 ex-

201 1447 308 1509 titisse.
352 1450 459 1530 Itaque
492 1467 559 1509 eum
589 1448 726 1524 exempla
748 1466 926 1527 quamquam
948 1468 1042 1524 pauca
1065 1457 1233 1524 occurrant,

200 1551 252 1612 ubi
274 1551 305 1611 in
328 1553 386 1611 hac
407 1553 502 1626 figura
524 1550 720 1628 etymologica
742 1550 891 1611 obiectum
911 1551 1063 1613 internum
1086 1552 1233 1613 attributo

201 1661 307 1730 careat,
339 1654 424 1716 ouius
453 1654 497 1715 rei
527 1655 663 1730 exempla
693 1654 857 1730 composuit
879 1653 1074 1729 Landgrnfius
1099 1655 1132 1714 in
1156 1657 1233 1716 actis

201 1757 305 1818 semin.
351 1756 544 1832 Erlangensis
566 1756 609 1830 11,
639 1778 666 1835 p.
693 1760 827 1831 14-18,
861 1776 921 1816 vox
948 1757 1052 1835 utique
1074 1759 1234 1818 retinenda

200 1860 329 1920 videtur.
374 1860 514 1919 conferas
545 1878 663 1938 quoque
695 1863 744 1932 91,
769 1865 786 1918 3
814 1859 948 1935 precibus
978 1880 1073 1933 onore,
1108 1860 1159 1919 ubi
1182 1863 1232 1922 W.

201 1964 322 2023 adnotat
344 1962 517 2040 scriptorem
539 1961 655 2039 priseae
677 1961 836 2021 latinitatis
859 1962 986 2022 colorem
1007 1963 1128 2037 imitari,
1153 1967 1232 2042 qnod

202 2065 421 2127 substantivum
443 2065 586 2126 attributo
609 2069 716 2125 careat.
755 2064 811 2124 His
834 2085 909 2145 quae
936 2066 980 2125 W.
1003 2066 1067 2142 ipse
1090 2068 1234 2142 exposuit

202 2170 372 2230 defenditur
394 2169 468 2230 alter
489 2171 581 2242 locus,
604 2168 656 2229 nbi
679 2167 776 2227 simile
800 2169 946 2246 quoddam
964 2169 1097 2229 variatae
1120 2170 1233 2244 figurae

203 2273 416 2352 etymologicus
438 2293 531 2348 genus
554 2270 661 2332 omisso
678 2271 823 2342 attributo
838 2271 994 2332 invenitur
1009 2278 1059 2344 36,
1077 2279 1093 2331 3
1111 2269 1232 2353 [uerbo]

200 2377 347 2455 proloqui.
392 2377 451 2437 Sed
471 2376 522 2437 hic
544 2377 591 2437 W.
614 2374 672 2436 sibi
695 2394 755 2435 non
778 2380 915 2436 constans
938 2376 1025 2434 uerbo
1047 2376 1178 2436 seclusit.

292 2478 343 2554 75,
359 2484 442 2538 3-5
466 2480 608 2539 Labienus
630 2513 671 2523 —
695 2497 796 2555 ogmeu
818 2489 974 2538 ereremum
998 2498 1119 2557 corpere
1141 2481 1236 2556 eoepit

206 2590 291 2658 etque
310 2584 479 2660 -propius
501 2581 693 2659 audaciusque
713 2582 825 2640 cecedit
845 2582 885 2640 od
903 2583 1030 2658 legiones
1048 2619 1098 2640 -.
1133 2584 1235 2660 linque

206 2681 338 2761 (caesar)
369 2703 417 2743 eos
446 2682 588 2762 (tricem
612 2703 651 2744 ex
674 2682 800 2759 singulis
822 2685 990 2762 legionibus
1013 2684 1182 2764 expeditos)
1205 2687 1233 2744 iu

206 2787 362 2863 equitatum
378 2787 502 2847 Lubieui
522 2789 654 2846 obmissos
676 2787 794 2869 [turmis
813 2787 942 2867 suorum]
965 2791 1111 2867 suppetias
1133 2791 1230 2846 misul.

293 2888 371 2954 Quia
393 2911 484 2968 snpra
506 2890 669 2951 Labienum
700 2893 745 2951 ad
774 2891 964 2966 legiones
987 2891 1144 2952 accessisse
1167 2911 1235 2949 nar-

206 2997 303 3054 ratum
319 2999 405 3069 esset,
420 2994 469 3056 W.
485 2996 578 3056 verba
592 2996 694 3052 inermis
709 3013 823 3052 suorum
840 2994 962 3056 delevit.
990 2997 1032 3054 At
1048 2994 1095 3053 his
1110 2993 1235 3054 resectis

207 3096 280 3158 satis
301 3095 409 3157 mirum
433 3100 486 3171 est,
509 3098 588 3176 quod
610 3096 643 3155 in
665 3100 729 3158 tota
750 3097 840 3157 huius
861 3097 980 3158 itineris
1002 3118 1101 3174 pugna
1123 3097 1235 3157 mentio

208 3200 291 3261 nulla
322 3202 357 3260 fit
387 3200 520 3261 Caesaris
553 3200 704 3280 equitum:
737 3221 806 3260 nam
837 3201 869 3260 in
902 3200 1045 3261 eiusmodi
1077 3200 1236 3260 itineribus

209 3303 359 3382 equitatus
390 3324 496 3380 agmen
526 3308 693 3364 extremum
724 3304 860 3365 claudere
893 3305 1017 3365 solebat.
1062 3306 1114 3364 cfr.
1146 3310 1174 3377 6,
1199 3309 1234 3376 2;

211 3413 239 3481 6,
264 3409 300 3481 55
334 3412 383 3480 69,
407 3415 443 3480 23
479 3407 528 3481 70,
554 3414 568 3468 1
599 3428 659 3487 eqs.
703 3409 810 3487 Itaque
842 3407 893 3469 hic
926 3408 1038 3485 primns
1071 3407 1237 3468 sustinebat

209 3508 459 3571 Labienianornm
487 3511 641 3589 impetum,
671 3531 738 3573 eum
764 3531 869 3588 agmen
891 3516 1057 3571 extremum
1080 3515 1238 3589 carperent

210 3611 454 3692 propiusque
470 3616 644 3675 accederent
658 3616 695 3674 ad
710 3614 842 3690 legiones
856 3613 876 3674 i.
887 3635 912 3674 e.
928 3615 1044 3693 equites
1056 3615 1093 3674 ad
1103 3613 1237 3689 legiones

209 3717 352 3795 repellere
364 3717 538 3796 coepissent.
561 3717 748 3795 Quapropter
759 3737 791 3778 ra
803 3738 875 3778 vara
885 3718 989 3778 Caesar
1002 3717 1158 3795 expeditos
1168 3717 1238 3775 illos

210 3820 342 3881 subsidio
365 3819 448 3880 misit
474 3823 575 3879 turmis
597 3840 722 3881 suorum.
768 3821 890 3881 Prorsus
913 3821 1041 3901 deniqne
1064 3822 1166 3879 eadem
1189 3839 1238 3879 res

211 3923 340 3983 occurrit
355 3928 404 3998 52,
419 3928 446 3998 1,
462 3943 549 4003 quem
564 3925 662 3984 locum
677 3923 905 4001 praetervidisse
916 3924 964 3984 W.
980 3923 1081 3984 miror.
1115 3957 1150 3968 -
1164 3922 1237 3982 Iube

210 4045 245 4084 oe
259 4026 403 4087 Lobrbuus
418 4031 448 4086 in
471 4028 729 4108 legionarios
752 4029 883 4107 torpetem
896 4026 1045 4109 feceruut.
1081 4029 1239 4109 equites
