2872 4778
618 352 831 419 ..71-

208 545 271 585 eam
289 521 415 606 [longis]
426 545 460 603 p.
473 524 592 584 navitus
607 528 637 585 r'n
652 545 748 604 consp.
765 526 836 604 Asr.
851 547 898 586 v.:
916 546 1037 606 namque
1051 525 1234 610 [onerariae]

208 631 337 708 relr'quae
358 629 489 710 [praeter
507 629 634 711 paneas]
656 638 738 688 vento
761 632 834 708 disp.
875 628 960 693 Quod
983 630 1009 688 si
1026 630 1093 709 quis
1107 633 1233 708 probare

207 734 315 806 studet,
324 733 450 792 duorum
461 731 645 793 diversorum
656 733 912 808 grammaticorum
921 732 1169 810 interpolamenta
1179 737 1234 795 hoe

207 837 272 895 looo
286 832 416 895 ‹lisoarni
426 854 514 912 posse
525 836 706 896 demonstret
715 855 834 896 neeesse
844 840 898 896 est.
921 837 974 897 eir.
983 838 1031 897 W.
1043 838 1080 895 ad
1090 838 1234 915 relr‘qune:

208 939 295 998 ‘idem
314 937 530 1014 grammaticus,
549 937 602 1017 qui
619 958 728 1015 pausas
740 938 872 1000 Caesaris
888 959 979 1000 naves
990 940 1065 999 falso
1077 939 1232 1016 intellego·

206 1043 258 1101 bat
278 1042 390 1116 longas,
410 1026 451 1100 ad
464 1041 591 1120 relr'qaae
606 1041 776 1118 explicandi
791 1062 878 1101 eausa
892 1041 1050 1119 adscripsit
1064 1045 1232 1118 onerarr'ns;

205 1144 317 1204 rectius
338 1149 439 1204 autem
461 1141 537 1203 alins
561 1143 681 1224 quidam
701 1144 766 1207 siva
780 1144 920 1207 librarius
935 1145 1001 1206 sive
1015 1144 1078 1207 ludi
1093 1145 1233 1222 magister

206 1246 336 1325 reliquas
350 1245 446 1306 sensit
458 1264 522 1307 esse
535 1266 636 1307 omnes
648 1252 708 1307 tam
718 1247 824 1323 longas
835 1267 922 1329 quam
935 1248 1086 1308 onerarias
1097 1248 1233 1324 exeeptis

204 1347 267 1408 illis
289 1348 401 1428 pausis,
424 1369 500 1428 quae
513 1350 666 1411 Caesarem
682 1350 909 1424 oomitabantur‚
931 1349 1059 1430 ideoque
1074 1350 1234 1427 adscripsit

201 1461 321 1528 praeter
340 1449 473 1528 pauens!
508 1453 591 1512 Haeo
613 1455 788 1513 emendandi
811 1453 887 1513 ratio
911 1457 944 1513 ut
962 1473 1078 1514 omnem
1094 1455 1232 1530 probabi·

204 1552 299 1613 litatis
315 1556 432 1615 modum
448 1555 576 1629 excedit,
590 1555 635 1616 ita
649 1556 839 1632 pleonasmus
854 1556 981 1634 relr'qaae
992 1565 1109 1633 praeter
1121 1574 1231 1632 paucos

204 1655 307 1734 utique
336 1659 500 1719 servandus
529 1664 589 1731 est;
621 1659 731 1736 legitur
761 1659 840 1719 enim
868 1664 987 1736 praeter
1009 1664 1059 1733 20,
1082 1665 1100 1718 4
1124 1661 1229 1737 oppilla

198 1768 318 1836 praeter
349 1779 383 1818 ea
411 1779 509 1838 pauca
540 1793 582 1805 ·—
609 1765 721 1841 reliqua
754 1762 835 1821 darni
864 1781 899 1821 aa
928 1761 1020 1820 deleri
1049 1762 1181 1841 (Froehl.
1204 1765 1230 1836 Ι,

204 1881 270 1938 pag.
289 1861 340 1940 19)
362 1862 451 1923 etiam
474 1869 558 1939 95,2
579 1874 696 1943 praeter
713 1884 826 1944 palleos
847 1868 956 1943 equites
979 1897 1020 1908 -
1043 1865 1169 1944 rele'qaos
1186 1897 1230 1910 -

203 1963 357 2045 rtleffeeit.
404 1966 521 2027 Deinde
551 1966 576 2026 si
606 1967 792 2028 enuntiatum
824 1969 866 2028 sio
897 1972 931 2027 at
953 1969 1001 2030 W.
1023 1968 1090 2027 vult
1112 1969 1229 2028 eonfor-

202 2072 307 2139 matur‚
328 2068 482 2145 inpriore
504 2074 588 2147 parte
611 2071 732 2131 narium
756 2090 865 2131 nomen
888 2069 1008 2130 omnino
1031 2074 1100 2145 eget
1113 2069 1229 2130 addita-

202 2170 304 2244 menti,
335 2173 417 2252 qnod
446 2174 548 2252 quales
572 2172 687 2235 fuerint
708 2193 800 2234 naves
823 2173 972 2248 significet
993 2178 1023 2231 et
1046 2191 1105 2251 quo
1128 2192 1228 2234 carere

201 2271 255 2332 vix
283 2293 453 2350 possumns;
483 2275 622 2337 similiter
650 2276 678 2350 7,
702 2282 720 2335 3
749 2276 897 2353 cedentque
919 2293 1006 2333 annes
1028 2277 1182 2334 onerariae
1203 2285 1233 2333 et

202 2376 307 2453 longae
335 2378 489 2436 nonnullae
520 2412 554 2424 -
587 2381 775 2438 advenerunt.
821 2378 880 2439 Sed
910 2378 957 2437 W.
989 2378 1026 2436 nd
1056 2377 1134 2436 hano
1163 2397 1232 2438 oon·

202 2477 343 2539 ieeturam
366 2480 509 2541 adductus
532 2484 577 2542 est
598 2501 692 2559 prava
711 2486 745 2541 ut
759 2486 846 2558 putat
860 2484 1020 2543 verborum
1036 2479 1231 2541 collocatione

201 2599 263 2638 oum
293 2582 389 2659 longit
411 2586 517 2662 paneri
544 2584 675 2645 navitus.
720 2583 801 2644 Fieri
824 2583 904 2645 enim
927 2582 1050 2642 minime
1072 2602 1167 2660 posse,
1197 2588 1232 2644 ut

200 2685 292 2744 verba
319 2686 404 2745 velut
434 2686 539 2764 longae
569 2706 667 2760 naves,
701 2689 855 2746 onerariae
885 2705 972 2746 naves
1004 2683 1122 2758 similia,
1155 2706 1230 2766 qnae

202 2786 285 2865 quasi
315 2807 403 2847 unam
434 2788 597 2850 exhibeant
626 2789 796 2864 notionem,
829 2789 896 2848 aliis
926 2786 1048 2849 insertis
1077 2789 1230 2849 vocabulis

201 2889 410 2951 distineantur.
463 2891 549 2951 Certe
586 2894 644 2952 hoo
677 2893 852 2952 observatur
884 2892 920 2950 ab
953 2890 1091 2950 omnibns
1123 2891 1229 2950 urbani

200 2991 343 3052 sermonis
365 2992 545 3055 auotoribua.
588 2994 646 3055 Sed
677 2993 783 3055 merito
812 2993 940 3068 dubites,
969 2992 1134 3053 senseritne
1156 2993 1229 3052 haee

200 3099 230 3155 at
261 3094 370 3155 similia
399 3099 582 3158 eonsuetndo
611 3117 729 3178 quoqne
752 3095 895 3157 sermonis
917 3094 1071 3156 cotidiani.
1114 3098 1227 3156 Auetor

199 3197 302 3258 saltem
333 3197 405 3259 belli
427 3199 514 3279 Hisp.
538 3200 677 3262 similiter
697 3202 814 3261 loeutus
836 3203 883 3259 est
904 3198 978 3273 loeo,
1009 3198 1061 3279 qni
1084 3204 1227 3280 quantum

199 3299 287 3360 video
318 3320 336 3360 a
364 3301 447 3361 nullo
476 3304 572 3363 adhue
602 3303 710 3364 allatus
740 3306 786 3363 eat
817 3301 866 3376 37,
890 3308 907 3360 2
937 3302 1056 3361 saueius
1081 3304 1226 3379 Pompeias

198 3421 285 3461 annea
307 3405 416 3480 vr'gmi
435 3414 557 3483 occupet
580 3407 693 3483 longae.
947 3478 949 3483 Ι

286 3509 315 3579 8,
341 3509 355 3564 1
387 3505 475 3567 initio
498 3506 605 3587 eapitis
626 3508 766 3584 leguntur
787 3511 862 3569 haeo
883 3507 916 3568 in
937 3507 1042 3570 libris:
1073 3508 1224 3587 Postquam

198 3608 386 3666 Adrumetum
415 3613 537 3670 arcessat
562 3643 597 3657 -
621 3620 652 3671 et
679 3631 697 3670 a
721 3612 837 3688 Clupeis
858 3612 1010 3670 seeundum
1033 3627 1113 3667 oram
1136 3613 1224 3669 mnri-

199 3719 301 3769 tamam
324 3708 403 3790 [oum
425 3711 568 3793 equitata]
591 3710 811 3795 [Adrumelam]
836 3716 886 3773 Cn.
906 3716 972 3772 Piso
995 3730 1057 3771 oum
1075 3712 1223 3792 Maur01)

196 3815 316 3873 orior'ter
338 3815 431 3874 tribur
453 3815 566 3875 milsllaa
587 3819 740 3896 apperuit.

267 3987 293 4046 1)
312 3986 400 4033 Mauro
417 3984 431 4035 λ
448 4004 482 4028 =
500 3982 573 4051 (VP).
604 3985 728 4037 Maeroris
743 3986 772 4035 Δ.
803 3941 898 4034 muz:
910 3984 985 4046 igitur
1004 4001 1030 4038 α.
1060 3983 1154 4032 Mensis
1169 3984 1221 4033 Μ’.

196 4070 281 4120 Mauri
297 4071 328 4122 U.
