2872 4778
596 364 808 432 -21-

273 540 362 600 Aliud
385 538 515 619 denique
536 538 595 599 iam
618 539 752 601 Kochler
773 541 816 615 H,
838 561 904 619 pag.
930 546 990 601 525
1018 539 1129 618 optime
1152 561 1213 603 mc·

184 643 259 703 nuit.
307 642 525 708 Quaerentibus
547 643 636 721 enim,
669 663 727 722 quo
750 643 848 704 animo
871 643 997 703 Asinius
1020 664 1055 704 eo
1077 649 1212 722 tempore

184 768 250 806 curn
273 746 389 807 litteras
411 766 449 806 ex
465 746 612 823 Hispania
627 745 764 806 Ciceroni
786 747 875 806 debat
896 746 928 805 in
946 747 1100 807 Caesarem
1121 748 1215 809 luerit

184 855 274 928 atquc
301 851 338 909 de
368 848 432 909 eins
460 849 506 909 rei
535 849 672 927 publicae
694 849 842 924 gerendae
864 848 979 910 ratione
1001 849 1135 924 senserit,
1165 850 1213 912 vir

183 958 321 1030 apparet,
358 952 410 1030 qui
440 951 559 1032 quidem
583 953 735 1012 Gaesarem
764 951 864 1030 ipsum
893 971 1000 1011 samana
1023 955 1214 1032 campserote

183 1068 213 1115 et
231 1055 297 1133 fide
328 1057 445 1129 dilecte,
476 1054 541 1115 eius
572 1061 670 1115 autem
699 1055 828 1133 imperia
856 1075 888 1113 ee
917 1065 1043 1134 tempore
1064 1066 1148 1134 atque
1170 1058 1212 1115 ite

174 1159 263 1238 feeit,
288 1167 320 1216 ut
333 1168 489 1235 appareret
503 1159 593 1215 r'aer'tc
609 1160 777 1236 imperatum
792 1178 853 1217 esse
867 1158 931 1237 (31,
947 1159 997 1238 3);
1021 1159 1074 1240 qni
1089 1159 1212 1219 Caesare

181 1266 325 1338 regnante
348 1261 502 1341 perspexit
522 1281 606 1341 qaam
629 1264 733 1320 mr'seru
755 1261 808 1320 sab
825 1263 1018 1321 dominatione
1039 1261 1129 1340 (eius)
1151 1263 1210 1320 vita

181 1375 265 1422 esset.
319 1366 412 1424 Paulo
442 1368 539 1424 autem
569 1368 725 1443 postquam
759 1365 832 1424 haec
864 1364 985 1442 scripsit
1015 1365 1210 1441 Landgrafius

181 1466 336 1528 contendit
366 1469 492 1528 eundem
522 1467 621 1528 virum
653 1469 894 1527 commentarium
925 1466 1063 1541 edidisse,
1095 1467 1127 1525 in
1151 1486 1208 1545 que

180 1569 338 1629 Considius
360 1572 403 1650 (4,
429 1571 468 1649 l),
498 1570 597 1647 Scipio
630 1569 753 1649 eiusque
783 1569 907 1630 comites
929 1569 972 1646 (8,
997 1570 1028 1646 5)
1057 1571 1209 1630 dementes

181 1672 330 1744 dicuntur,
360 1676 439 1752 quod
469 1672 680 1750 rempublicam
711 1673 925 1747 defendebant;
957 1674 1120 1753 eodemque
1144 1674 1208 1734 loca

179 1779 238 1834 ea'ta
267 1776 319 1834 aab
342 1776 533 1835 domenacione
556 1778 690 1834 Caesarie
720 1776 858 1836 laudatur
888 1796 982 1856 aeque
1012 1797 1046 1836 ac
1075 1777 1101 1836 si
1131 1780 1210 1837 esset

177 1879 334 1939 incolumis
355 1879 497 1941 libertas:
529 1890 609 1937 lenta
636 1878 762 1938 homenes
784 1899 845 1937 esse
867 1881 1019 1951 dementia,
1053 1889 1085 1938 et
1106 1880 1208 1938 malim

177 1985 255 2059 regis
285 2003 346 2042 esse
376 1984 531 2059 vecitgales
559 2000 642 2060 quam
673 2002 735 2039 cum
765 1980 877 2040 civibus
908 1984 938 2041 e‘n
964 1985 1063 2060 patrea
1095 1986 1124 2042 a'a
1146 1984 1207 2040 sari

168 2084 303 2161 sarranis
332 2105 393 2144 esse
423 2086 575 2144 incolumes
606 2083 697 2163 (idem
726 2083 863 2144 invenias
894 2086 945 2159 57,
969 2084 1011 2163 3).
1063 2104 1087 2146 c.
1112 2090 1161 2158 90,
1188 2089 1201 2142 1

177 2208 247 2249 vero
280 2189 396 2250 civibus
419 2188 560 2249 Romanis
589 2188 694 2247 sceleri
724 2187 861 2266 vertitur,
894 2189 974 2267 quod
1002 2192 1105 2246 contra
1125 2188 1204 2245 hauc

176 2294 263 2349 velam
292 2291 344 2350 sab
373 2293 566 2350 demeanteene
589 2293 724 2350 Caesaris
747 2292 877 2348 carcerem
907 2290 997 2351 armis
1025 2294 1056 2350 et
1077 2288 1204 2368 pecunia

175 2412 206 2452 se
228 2394 388 2455 defendere
411 2394 510 2455 conati
532 2399 611 2454 sant.
645 2394 803 2454 Haeduae
826 2413 902 2474 quae
917 2397 980 2454 tcto
995 2393 1076 2453 caele
1092 2390 1204 2451 distant

175 2495 331 2571 opiniones
362 2500 398 2557 ab
429 2519 488 2559 uno
518 2501 679 2579 eodemque
708 2496 829 2556 homine
859 2497 963 2558 eodem
984 2497 1046 2558 fere
1068 2499 1202 2573 tempore

174 2599 302 2676 proferri
324 2601 456 2679 potuisse
477 2601 532 2662 rix
555 2605 600 2661 est
621 2599 773 2662 credibile.

258 2737 419 2819 Reliquum
447 2746 500 2814 eat,
529 2743 565 2799 at
586 2738 658 2819 quid
678 2738 745 2814 ipsa
765 2737 863 2798 libelli
883 2737 1000 2798 indoles
1022 2757 1077 2800 nos
1099 2738 1203 2798 doceat

174 2841 384 2903 examinemus.
436 2842 523 2906 Quod
555 2847 589 2902 ut
618 2841 726 2901 melius
754 2841 968 2919 perspiciatur,
1004 2845 1073 2900 ante
1103 2840 1201 2900 omnia

173 2945 370 3003 necessarium
401 2946 522 3006 videtur
550 2944 712 3021 imaginem
743 2945 918 3004 adumbrare
940 2942 1040 3003 Asinii
1062 2942 1199 3002 auctoris.

172 3046 237 3106 Viri
260 3052 359 3107 autem
382 3047 537 3125 ingenium
559 3069 593 3108 ac
614 3047 731 3108 indoles
754 3068 819 3108 cum
837 3067 875 3107 ex
890 3045 1047 3123 perpaucis
1062 3043 1199 3123 reliquiis

173 3153 252 3210 certo
282 3150 413 3229 perspici
443 3172 503 3211 uon
533 3151 592 3211 iam
623 3151 726 3228 possit,
754 3149 955 3224 videndumst,
987 3147 1061 3227 quid
1082 3147 1199 3228 antiqui

171 3252 208 3309 dc
242 3251 306 3312 eius
340 3255 536 3331 componendi
567 3259 631 3315 arte
659 3252 868 3314 iudicaverint.
920 3253 945 3310 E
975 3250 1084 3330 quibus
1112 3249 1199 3312 testis

170 3354 375 3430 peritissimus,
405 3355 619 3432 Quintilianus,
650 3357 684 3417 in
705 3355 812 3416 Asinio
839 3356 941 3417 laudat
970 3358 1084 3415 tantm
1106 3354 1199 3415 fuisse

170 3457 365 3533 diligentiam,
396 3465 430 3520 ut
458 3460 635 3540 quibusdem
664 3459 753 3520 etiem
782 3458 875 3519 nimia
900 3459 1053 3519 videretur
1081 3457 1199 3536 (Quint.

169 3558 210 3631 X,
236 3564 262 3631 1,
289 3566 365 3636 1133
387 3563 462 3636 XII,
488 3564 615 3640 10,11).
653 3561 735 3625 Quae
759 3582 818 3642 qua
839 3563 871 3620 iu
893 3582 926 3622 re
948 3561 1128 3640 apperuerit,
1150 3560 1198 3620 his

170 3661 221 3738 (X,
247 3669 274 3737 2,
298 3664 329 3741 7)
358 3665 553 3727 inlustratur:
582 3669 634 3743 qai
659 3665 776 3724 haerede
802 3675 887 3743 atque
908 3667 1093 3741 incomposite
1114 3665 1197 3741 quell-

170 3764 239 3822 lr'bet
258 3769 409 3844 frigidam
441 3769 516 3827 a'llad
544 3778 574 3826 et
593 3771 678 3827 sacae
700 3769 877 3839 extulerunt,
910 3769 1039 3845 antiquis
1060 3785 1091 3824 se
1109 3785 1196 3844 pares

169 3872 309 3940 credant,-
340 3873 391 3947 qai
417 3881 518 3930 eareat
547 3872 626 3929 celtu
650 3880 734 3949 cepae
765 3872 912 3930 sententiis
932 3871 1043 3929 Atticis
1064 3869 1194 3940 see'le'eet,·

169 3974 266 4031 tristes
294 3983 323 4031 et
351 3975 442 4033 reieci
464 3974 618 4042 Pollionem
649 3977 818 4054 imitantem
852 3976 941 4036 atroci
966 3982 995 4033 e!
1023 3974 1136 4054 caprei,
1170 3979 1200 4035 εἰ
