2872 4778
522 369 736 452 ...73-

109 558 250 634 opparaa't
270 555 399 617 latinum
421 579 482 619 non
505 579 578 620 ease.
623 558 722 625 Quare
746 560 913 639 auspicatur
926 565 971 623 aet
985 561 1140 638 Kieraling

107 659 298 721 intercidisse
319 666 390 739 port
410 663 598 720 Adrumetam
621 663 815 742 participium
833 675 942 742 paleas.

195 769 223 838 3,
247 769 265 822 2
296 765 444 841 Oppidani
463 797 504 809 -
527 775 594 824 ante
621 776 736 844 portam
765 799 806 810 —
836 768 988 826 constituat
1014 769 1053 826 ud
1083 766 1139 850 [se]

109 866 323 946 defendendum.

195 969 243 1030 W.
265 989 296 1028 se
318 969 441 1031 aeoluait
462 975 581 1031 aeeutue
597 972 881 1032 Forohhammerum
902 973 952 1052 qui
968 972 1048 1050 (pag.
1069 974 1140 1052 113)

110 1072 237 1150 exponit
258 1072 298 1130 ad
317 1073 565 1153 sedesendeadum
581 1074 788 1134 tantummodo
811 1075 854 1134 de
876 1096 953 1135 uno
969 1075 1029 1135 dioi
1044 1098 1141 1154 ponae,

110 1175 214 1255 itaque
236 1177 318 1236 huno
339 1175 438 1235 looum
461 1177 555 1236 nolum
571 1175 602 1234 in
618 1177 667 1236 hia
685 1176 907 1237 commentariis
924 1183 1006 1239 eerto
1022 1183 1141 1240 obstare

112 1281 280 1357 praecepto,
296 1280 458 1339 eeoundum
474 1281 552 1359 quod
567 1278 669 1340 addito
683 1280 860 1357 pronomine
875 1282 1140 1355 gerundivum

112 1381 304 1457 efflagitetur.
349 1380 458 1442 Deleto
481 1386 582 1442 autem
604 1382 783 1461 pronomine
806 1383 906 1442 omnia
928 1404 1000 1443 sana
1022 1405 1098 1447 osso.

197 1484 387 1563 ltprimum
411 1484 501 1545 huiua
524 1484 730 1545 oommentarii
761 1505 857 1545 sermo
886 1506 948 1545 non
978 1487 1142 1561 exigendae

112 1593 158 1647 eat
179 1589 218 1647 ad
231 1587 416 1666 reliquorum
433 1587 565 1648 (laesuris
580 1588 725 1648 librorum
742 1587 862 1648 dieendi
877 1609 980 1663 genua.
1025 1589 1142 1649 Deinde

113 1689 357 1767 gerundium
391 1710 452 1750 non
475 1691 512 1750 ab
535 1691 748 1751 Gioeronianae
770 1690 879 1752 aetatis
912 1712 969 1750 usu
1001 1693 1143 1772 loquendi

113 1795 273 1853 abhorrere
295 1794 384 1853 dooet
408 1794 488 1873 quod
509 1792 542 1852 in
566 1793 671 1853 Planci
694 1793 824 1871 epistula
855 1793 928 1872 (cic.
952 1795 989 1853 ad
1009 1794 1079 1854 iam.
1103 1796 1142 1869 X,

114 1902 163 1967 23,
188 1897 219 1972 3)
241 1895 354 1971 legitur
372 1899 522 1973 ponta'spae
544 1916 614 1973 quoa
628 1897 761 1972 feceram
785 1899 940 1974 interrupi,
968 1906 1000 1954 at
1020 1901 1143 1975 spatium

114 2000 154 2057 ad
174 1998 366 2074 colligendum
396 2019 427 2058 se
459 2000 585 2058 dominas
616 2001 763 2058 luberent.
820 2001 904 2060 Haeo
930 1999 1025 2074 igitur
1054 2019 1144 2080 quam

115 2101 255 2163 vitabant
277 2102 422 2162 sermonis
445 2103 555 2163 urbani
585 2106 722 2164 auetorea
756 2105 907 2162 etruotura
935 2103 1016 2161 haud
1045 2108 1146 2180 spreta

116 2209 180 2264 erat
201 2203 234 2263 in
253 2224 388 2265 sermone
404 2204 560 2281 epistulari
577 2207 627 2267 vel
642 2203 743 2281 potius
758 2203 907 2263 familiari.
954 2205 1145 2283 Quapropter

118 2327 181 2366 oum
205 2308 264 2366 iam
288 2314 471 2385 eompertum
494 2310 657 2368 habeamur
680 2309 717 2366 ab
741 2307 832 2366 huius
863 2306 1071 2366 commentarii
1094 2326 1148 2367 au·

118 2414 199 2469 otone
220 2409 367 2470 lamiliare
390 2411 434 2488 (et
457 2411 593 2485 vulgara)
617 2409 735 2470 dicendi
758 2429 852 2484 genus
877 2407 1000 2468 minime
1032 2411 1145 2484 abesae,

119 2511 233 2572 ineauli
256 2511 376 2573 videtur
399 2533 464 2573 enee
488 2511 588 2574 eritioi
610 2512 701 2572 huius
725 2511 870 2573 sermonis
892 2510 1022 2587 vestigia
1037 2511 1147 2573 delere.

118 2615 174 2673 Sed
198 2615 408 2690 grammatioae
430 2616 503 2677 huio
523 2615 634 2675 rationi
659 2616 707 2676 W.
740 2615 856 2675 addidit
878 2615 1012 2688 alteram,
1035 2613 1149 2675 eoilioet

117 2717 259 2777 traditam
281 2718 440 2778 leotionem
462 2738 636 2798 perversam
659 2721 804 2796 praebere
826 2716 1014 2778 sententiam.
1058 2717 1148 2777 Prae·

120 2824 199 2880 stare
222 2821 302 2880 enim
324 2825 416 2880 mura'a
439 2841 469 2879 re
492 2824 579 2880 uteri.
628 2821 733 2901 atqui,
756 2820 781 2879 ai
798 2819 942 2898 oppidani
955 2828 1148 2897 antepartum

116 2922 281 3002 frequentes
295 2925 457 2994 considunt,
476 2923 601 2983 minima
616 2922 710 2983 muris
727 2943 759 2982 ae
775 2922 854 2982 tueri
869 2921 900 2980 in
918 2921 1016 2980 animo
1027 2923 1149 2994 habant,

121 3027 173 3085 sed
195 3026 259 3088 noia
280 3027 428 3087 instruota
451 3047 481 3086 ee
496 3071 498 3074 >
512 3030 582 3085 eunt
611 3024 773 3086 defensuri.
817 3023 923 3099 Pergit
954 3025 1000 3083 W.
1031 3023 1148 3083 nullum

120 3130 197 3207 apud
221 3128 389 3189 Pollionem
411 3129 480 3189 talia
504 3132 673 3188 iuncturae
705 3128 879 3204 exemplum
907 3124 1048 3187 inveniri.
1091 3125 1150 3186 Sed

122 3236 171 3305 82,
197 3237 210 3290 l
236 3231 303 3309 ipae
326 3230 422 3291 edidit
443 3231 493 3292 vel
523 3236 628 3291 eontra
659 3229 805 3291 librorum
836 3229 1047 3290 auctoritatem
1064 3228 1092 3306 ¹)
1120 3231 1149 3287 in

120 3335 321 3392 circumeundo
337 3336 494 3393 exercitum
511 3338 542 3393 et
556 3333 698 3394 adnotat:
721 3331 902 3393 eonetruetio
918 3333 1033 3410 priseae
1048 3330 1150 3390 latini-

121 3437 191 3496 tatis
214 3441 244 3497 et
265 3438 462 3513 praeeedente
485 3438 524 3495 od
544 3436 766 3517 praepositione
789 3435 840 3498 vel
855 3434 1030 3512 posterioria
1045 3433 1151 3494 aetatis

121 3539 316 3618 eoriptoribua
338 3539 389 3600 hio
410 3539 475 3600 illio
497 3542 622 3617 probata
644 3539 689 3618 (l).

206 3647 235 3716 3,
265 3649 282 3701 4
314 3643 391 3720 quod
420 3662 509 3720 neque
538 3645 645 3701 ea‘rcam
675 3642 739 3701 loca
770 3637 1014 3718 gubernatoribus
1050 3636 1151 3719 [prae-

117 3742 270 3826 fectisque]
294 3745 365 3823 qaid
382 3754 512 3821 peterent
529 3754 727 3823 praeceperat,
753 3763 842 3821 nepae
864 3752 897 3800 at
918 3739 1036 3817 morel)
1060 3741 1152 3817 apulus

121 3845 321 3929 [consuetudo]
336 3847 450 3926 suerat,
478 3846 597 3906 tabellas
620 3850 751 3925 regnatas
774 3845 893 3903 dederat
913 3876 966 3901 -.

193 4000 218 4068 1)
236 4003 340 4050 aurata
357 4001 385 4050 0.
416 4002 545 4050 emmaum
562 4000 640 4050 LVD.

192 4086 217 4153 2)
235 4103 289 4137 moa
307 4090 347 4143 W.
