<?xml version="1.0" encoding="UTF-8"?>
<!DOCTYPE html PUBLIC "-//W3C//DTD XHTML 1.0 Transitional//EN"
    "http://www.w3.org/TR/xhtml1/DTD/xhtml1-transitional.dtd">
<html xmlns="http://www.w3.org/1999/xhtml" xml:lang="en" lang="en">
 <head>
  <title>
</title>
<meta http-equiv="Content-Type" content="text/html;charset=utf-8" />
  <meta name='ocr-system' content='tesseract 3.04.00' />
  <meta name='ocr-capabilities' content='ocr_page ocr_carea ocr_par ocr_line ocrx_word'/>
</head>
<body>
  <div class='ocr_page' id='page_1' title='image "./incommentariumd00moelgoog_0128.png"; bbox 0 0 2872 4778; ppageno 0'>
   <div class='ocr_carea' id='block_1_1' title="bbox 598 370 834 437">
    <p class='ocr_par' dir='ltr' id='par_1_1' title="bbox 598 370 834 437">
     <span class='ocr_line' id='line_1_1' title="bbox 598 370 834 437; baseline 0.004 -1"><span class='ocrx_word' id='word_1_1' title='bbox 598 370 834 437; x_wconf 79' lang='lat'>-123-</span> 
     </span>
    </p>
   </div>
   <div class='ocr_carea' id='block_1_2' title="bbox 200 543 1235 3927">
    <p class='ocr_par' dir='ltr' id='par_1_2' title="bbox 200 543 1233 709">
     <span class='ocr_line' id='line_1_2' title="bbox 200 543 1233 623; baseline 0.005 -19"><span class='ocrx_word' id='word_1_2' title='bbox 200 544 312 623; x_wconf 77' lang='lat' dir='ltr'><em>Thapsi</em></span> <span class='ocrx_word' id='word_1_3' title='bbox 347 543 439 604; x_wconf 86' lang='lat' dir='ltr'><em>fuisse</em></span> <span class='ocrx_word' id='word_1_4' title='bbox 478 564 616 619; x_wconf 83' lang='lat' dir='ltr'><em>magnum</em></span> <span class='ocrx_word' id='word_1_5' title='bbox 652 561 808 606; x_wconf 90' lang='lat' dir='ltr'><em>numerum</em></span> <span class='ocrx_word' id='word_1_6' title='bbox 845 545 987 606; x_wconf 76' lang='lat' dir='ltr'><strong>frumenti</strong></span> <span class='ocrx_word' id='word_1_7' title='bbox 1024 565 1233 609; x_wconf 88' lang='lat' dir='ltr'><em>armorum</em></span> 
     </span>
     <span class='ocr_line' id='line_1_3' title="bbox 201 651 389 709; baseline -0.011 0"><span class='ocrx_word' id='word_1_8' title='bbox 201 651 389 709; x_wconf 86' lang='lat' dir='ltr'><em>telorum.</em></span> 
     </span>
    </p>

    <p class='ocr_par' dir='ltr' id='par_1_3' title="bbox 201 751 1235 934">
     <span class='ocr_line' id='line_1_4' title="bbox 288 751 1235 832; baseline 0.001 -21"><span class='ocrx_word' id='word_1_9' title='bbox 288 757 338 826; x_wconf 85' lang='lat'><em>85,</em></span> <span class='ocrx_word' id='word_1_10' title='bbox 363 757 380 809; x_wconf 89' lang='lat'><strong>6</strong></span> <span class='ocrx_word' id='word_1_11' title='bbox 412 751 548 810; x_wconf 77' lang='lat' dir='ltr'><em>inlustres</em></span> <span class='ocrx_word' id='word_1_12' title='bbox 578 751 753 831; x_wconf 54' lang='lat' dir='ltr'><em>aaronem),</em></span> <span class='ocrx_word' id='word_1_13' title='bbox 786 772 856 831; x_wconf 81' lang='lat' dir='ltr'><em>quos</em></span> <span class='ocrx_word' id='word_1_14' title='bbox 888 763 1021 811; x_wconf 80' lang='lat' dir='ltr'><em>auctores</em></span> <span class='ocrx_word' id='word_1_15' title='bbox 1048 753 1235 832; x_wconf 86' lang='lat' dir='ltr'><em>appellabant</em></span> 
     </span>
     <span class='ocr_line' id='line_1_5' title="bbox 201 853 670 934; baseline -0.004 -19"><span class='ocrx_word' id='word_1_16' title='bbox 201 857 362 934; x_wconf 78' lang='lat' dir='ltr'><em>complures</em></span> <span class='ocrx_word' id='word_1_17' title='bbox 384 889 426 898; x_wconf 91' lang='lat'><em>-</em></span> <span class='ocrx_word' id='word_1_18' title='bbox 449 853 670 932; x_wconf 64' lang='lat' dir='ltr'><em>interfecerunt.</em></span> 
     </span>
    </p>

    <p class='ocr_par' dir='ltr' id='par_1_4' title="bbox 201 958 1233 2686">
     <span class='ocr_line' id='line_1_6' title="bbox 286 958 1232 1040; baseline -0.005 -19"><span class='ocrx_word' id='word_1_19' title='bbox 286 960 335 1021; x_wconf 88' lang='lat' dir='ltr'><em>W.</em></span> <span class='ocrx_word' id='word_1_20' title='bbox 365 959 439 1018; x_wconf 90' lang='lat' dir='ltr'><em>haee</em></span> <span class='ocrx_word' id='word_1_21' title='bbox 460 960 552 1019; x_wconf 85' lang='lat' dir='ltr'><em>verba</em></span> <span class='ocrx_word' id='word_1_22' title='bbox 573 958 616 1019; x_wconf 83' lang='lat' dir='ltr'><em>ita</em></span> <span class='ocrx_word' id='word_1_23' title='bbox 639 959 852 1020; x_wconf 82' lang='lat' dir='ltr'><em>conformavit:</em></span> <span class='ocrx_word' id='word_1_24' title='bbox 885 959 1021 1017; x_wconf 80' lang='lat' dir='ltr'><em>inlustres</em></span> <span class='ocrx_word' id='word_1_25' title='bbox 1043 961 1123 1019; x_wconf 76' lang='lat' dir='ltr'><em>arros</em></span> <span class='ocrx_word' id='word_1_26' title='bbox 1148 959 1232 1040; x_wconf 87' lang='lat' dir='ltr'><em>[quos</em></span> 
     </span>
     <span class='ocr_line' id='line_1_7' title="bbox 202 1059 1232 1142; baseline 0.001 -20"><span class='ocrx_word' id='word_1_27' title='bbox 202 1063 325 1122; x_wconf 73' lang='lat' dir='ltr'><em>ultanus</em></span> <span class='ocrx_word' id='word_1_28' title='bbox 356 1071 488 1120; x_wconf 88' lang='lat' dir='ltr'><em>auctores</em></span> <span class='ocrx_word' id='word_1_29' title='bbox 518 1059 680 1141; x_wconf 85' lang='lat' dir='ltr'><em>appellunt]</em></span> <span class='ocrx_word' id='word_1_30' title='bbox 711 1097 764 1119; x_wconf 87' lang='lat'><em>—.</em></span> <span class='ocrx_word' id='word_1_31' title='bbox 811 1062 869 1121; x_wconf 82' lang='lat' dir='ltr'><em>Sed</em></span> <span class='ocrx_word' id='word_1_32' title='bbox 900 1064 977 1120; x_wconf 80' lang='lat' dir='ltr'><em>ueros</em></span> <span class='ocrx_word' id='word_1_33' title='bbox 1008 1062 1088 1142; x_wconf 89' lang='lat' dir='ltr'><em>qued</em></span> <span class='ocrx_word' id='word_1_34' title='bbox 1115 1063 1164 1122; x_wconf 87' lang='lat' dir='ltr'><em>W.</em></span> <span class='ocrx_word' id='word_1_35' title='bbox 1194 1082 1232 1123; x_wconf 80' lang='lat' dir='ltr'><em>ex</em></span> 
     </span>
     <span class='ocr_line' id='line_1_8' title="bbox 202 1164 1232 1242; baseline -0.003 -15"><span class='ocrx_word' id='word_1_36' title='bbox 202 1165 303 1227; x_wconf 88' lang='lat' dir='ltr'><em>eodiee</em></span> <span class='ocrx_word' id='word_1_37' title='bbox 332 1164 513 1241; x_wconf 88' lang='lat' dir='ltr'><em>interpolato</em></span> <span class='ocrx_word' id='word_1_38' title='bbox 542 1164 567 1222; x_wconf 89' lang='lat' dir='ltr'>L</span> <span class='ocrx_word' id='word_1_39' title='bbox 598 1165 712 1242; x_wconf 87' lang='lat' dir='ltr'><em>raeepit</em></span> <span class='ocrx_word' id='word_1_40' title='bbox 741 1165 829 1241; x_wconf 89' lang='lat' dir='ltr'><em>plane</em></span> <span class='ocrx_word' id='word_1_41' title='bbox 861 1165 987 1225; x_wconf 89' lang='lat' dir='ltr'><em>otiosum</em></span> <span class='ocrx_word' id='word_1_42' title='bbox 1010 1170 1073 1226; x_wconf 77' lang='lat' dir='ltr'><em>eet:</em></span> <span class='ocrx_word' id='word_1_43' title='bbox 1106 1165 1232 1224; x_wconf 67' lang='lat' dir='ltr'><em>ur&#39;tanus</em></span> 
     </span>
     <span class='ocr_line' id='line_1_9' title="bbox 201 1267 1233 1347; baseline 0.001 -18"><span class='ocrx_word' id='word_1_44' title='bbox 201 1267 382 1329; x_wconf 77' lang='lat' dir='ltr'><em>substantivi</em></span> <span class='ocrx_word' id='word_1_45' title='bbox 410 1288 532 1327; x_wconf 90' lang='lat' dir='ltr'><em>munere</em></span> <span class='ocrx_word' id='word_1_46' title='bbox 554 1267 690 1344; x_wconf 84' lang='lat' dir='ltr'><em>fungitur</em></span> <span class='ocrx_word' id='word_1_47' title='bbox 722 1268 769 1347; x_wconf 87' lang='lat' dir='ltr'><em>(ut</em></span> <span class='ocrx_word' id='word_1_48' title='bbox 791 1269 848 1344; x_wconf 86' lang='lat' dir='ltr'><em>leg.</em></span> <span class='ocrx_word' id='word_1_49' title='bbox 871 1288 931 1342; x_wconf 80' lang='lat' dir='ltr'><em>agr.</em></span> <span class='ocrx_word' id='word_1_50' title='bbox 954 1270 997 1344; x_wconf 88' lang='lat' dir='ltr'><em>Il,</em></span> <span class='ocrx_word' id='word_1_51' title='bbox 1020 1272 1079 1344; x_wconf 77' lang='lat'><em>793</em></span> <span class='ocrx_word' id='word_1_52' title='bbox 1109 1269 1146 1328; x_wconf 92' lang='lat' dir='ltr'><em>de</em></span> <span class='ocrx_word' id='word_1_53' title='bbox 1169 1270 1233 1330; x_wconf 88' lang='lat' dir='ltr'><em>har.</em></span> 
     </span>
     <span class='ocr_line' id='line_1_10' title="bbox 201 1370 1232 1449; baseline -0.001 -17"><span class='ocrx_word' id='word_1_54' title='bbox 201 1392 279 1448; x_wconf 83' lang='lat' dir='ltr'><em>resp.</em></span> <span class='ocrx_word' id='word_1_55' title='bbox 312 1370 379 1448; x_wconf 85' lang='grc'><strong>56),</strong></span> <span class='ocrx_word' id='word_1_56' title='bbox 418 1391 475 1449; x_wconf 93' lang='lat' dir='ltr'><em>quo</em></span> <span class='ocrx_word' id='word_1_57' title='bbox 509 1371 715 1446; x_wconf 81' lang='lat' dir='ltr'><em>significantur</em></span> <span class='ocrx_word' id='word_1_58' title='bbox 748 1372 812 1431; x_wconf 88' lang='lat' dir='ltr'><em>sine</em></span> <span class='ocrx_word' id='word_1_59' title='bbox 844 1372 935 1433; x_wconf 90' lang='lat' dir='ltr'><em>dubie</em></span> <span class='ocrx_word' id='word_1_60' title='bbox 971 1371 1083 1432; x_wconf 80' lang='lat' dir='ltr'><em>trr&#39;lsuru&#39;</em></span> <span class='ocrx_word' id='word_1_61' title='bbox 1111 1372 1232 1431; x_wconf 79' lang='lat' dir='ltr'><em>rnilitum</em></span> 
     </span>
     <span class='ocr_line' id='line_1_11' title="bbox 201 1473 1231 1554; baseline 0 -21"><span class='ocrx_word' id='word_1_62' title='bbox 201 1477 360 1552; x_wconf 77' lang='lat' dir='ltr'><em>reliquique</em></span> <span class='ocrx_word' id='word_1_63' title='bbox 379 1473 534 1554; x_wconf 81' lang='lat' dir='ltr'><em>praesceti,</em></span> <span class='ocrx_word' id='word_1_64' title='bbox 560 1477 611 1552; x_wconf 83' lang='lat' dir='ltr'><em>qul</em></span> <span class='ocrx_word' id='word_1_65' title='bbox 630 1495 675 1532; x_wconf 81' lang='lat' dir='ltr'><em>cu</em></span> <span class='ocrx_word' id='word_1_66' title='bbox 699 1473 790 1532; x_wconf 84' lang='lat' dir='ltr'><em>urle</em></span> <span class='ocrx_word' id='word_1_67' title='bbox 811 1476 956 1534; x_wconf 78' lang='lat' dir='ltr'><em>omrcr&#39;trae</em></span> <span class='ocrx_word' id='word_1_68' title='bbox 977 1493 1064 1535; x_wconf 88' lang='lat' dir='ltr'><em>causa</em></span> <span class='ocrx_word' id='word_1_69' title='bbox 1082 1477 1231 1535; x_wconf 84' lang='lat' dir='ltr'><em>Caesarem</em></span> 
     </span>
     <span class='ocr_line' id='line_1_12' title="bbox 202 1577 1231 1656; baseline 0.005 -22"><span class='ocrx_word' id='word_1_70' title='bbox 202 1581 296 1635; x_wconf 85' lang='lat' dir='ltr'><em>secuti</em></span> <span class='ocrx_word' id='word_1_71' title='bbox 315 1598 371 1636; x_wconf 89' lang='lat' dir='ltr'><em>non</em></span> <span class='ocrx_word' id='word_1_72' title='bbox 394 1596 526 1654; x_wconf 75' lang='lat' dir='ltr'><em>ruoprrura</em></span> <span class='ocrx_word' id='word_1_73' title='bbox 550 1581 580 1636; x_wconf 78' lang='lat' dir='ltr'><em>ia</em></span> <span class='ocrx_word' id='word_1_74' title='bbox 603 1597 636 1636; x_wconf 90' lang='lat' dir='ltr'><em>re</em></span> <span class='ocrx_word' id='word_1_75' title='bbox 657 1577 783 1637; x_wconf 79' lang='lat' dir='ltr'><em>militari</em></span> <span class='ocrx_word' id='word_1_76' title='bbox 800 1597 879 1636; x_wconf 87' lang='lat' dir='ltr'><em>usura</em></span> <span class='ocrx_word' id='word_1_77' title='bbox 895 1577 1040 1637; x_wconf 83' lang='lat' dir='ltr'><em>latebant</em></span> <span class='ocrx_word' id='word_1_78' title='bbox 1055 1579 1137 1656; x_wconf 91' lang='lat' dir='ltr'><em>(bell.</em></span> <span class='ocrx_word' id='word_1_79' title='bbox 1155 1579 1231 1639; x_wconf 83' lang='lat' dir='ltr'><em>Gall.</em></span> 
     </span>
     <span class='ocr_line' id='line_1_13' title="bbox 202 1678 1232 1760; baseline 0.002 -21"><span class='ocrx_word' id='word_1_80' title='bbox 202 1684 226 1754; x_wconf 95' lang='grc' dir='ltr'><em>Ι,</em></span> <span class='ocrx_word' id='word_1_81' title='bbox 244 1687 292 1754; x_wconf 87' lang='grc'><em>39,</em></span> <span class='ocrx_word' id='word_1_82' title='bbox 309 1683 351 1757; x_wconf 83' lang='grc'><em>2),</em></span> <span class='ocrx_word' id='word_1_83' title='bbox 374 1685 406 1742; x_wconf 90' lang='lat' dir='ltr'><em>et</em></span> <span class='ocrx_word' id='word_1_84' title='bbox 428 1680 479 1759; x_wconf 94' lang='lat' dir='ltr'><em>qui</em></span> <span class='ocrx_word' id='word_1_85' title='bbox 502 1684 695 1758; x_wconf 89' lang='lat' dir='ltr'><em>opponuntur</em></span> <span class='ocrx_word' id='word_1_86' title='bbox 709 1680 869 1742; x_wconf 84' lang='lat' dir='ltr'><em>veteranis.</em></span> <span class='ocrx_word' id='word_1_87' title='bbox 905 1678 986 1744; x_wconf 79' lang='lat' dir='ltr'><em>Quid</em></span> <span class='ocrx_word' id='word_1_88' title='bbox 1001 1685 1099 1741; x_wconf 92' lang='lat' dir='ltr'><em>autem</em></span> <span class='ocrx_word' id='word_1_89' title='bbox 1115 1681 1232 1760; x_wconf 88' lang='lat' dir='ltr'><em>reliqua</em></span> 
     </span>
     <span class='ocr_line' id='line_1_14' title="bbox 201 1783 1232 1862; baseline 0.001 -19"><span class='ocrx_word' id='word_1_90' title='bbox 201 1787 292 1845; x_wconf 82' lang='lat' dir='ltr'><em>verbu</em></span> <span class='ocrx_word' id='word_1_91' title='bbox 315 1783 485 1858; x_wconf 81' lang='lat' dir='ltr'><em>significent</em></span> <span class='ocrx_word' id='word_1_92' title='bbox 507 1803 577 1860; x_wconf 86' lang='lat' dir='ltr'><em>quos</em></span> <span class='ocrx_word' id='word_1_93' title='bbox 600 1794 732 1842; x_wconf 89' lang='lat' dir='ltr'><em>auctores</em></span> <span class='ocrx_word' id='word_1_94' title='bbox 755 1783 948 1862; x_wconf 82' lang='lat' dir='ltr'><em>appellabunt,</em></span> <span class='ocrx_word' id='word_1_95' title='bbox 979 1804 1046 1844; x_wconf 93' lang='lat' dir='ltr'><em>eum</em></span> <span class='ocrx_word' id='word_1_96' title='bbox 1069 1787 1173 1859; x_wconf 80' lang='lat' dir='ltr'><em>agatur</em></span> <span class='ocrx_word' id='word_1_97' title='bbox 1195 1785 1232 1844; x_wconf 87' lang='lat' dir='ltr'><em>de</em></span> 
     </span>
     <span class='ocr_line' id='line_1_15' title="bbox 202 1886 1231 1966; baseline 0.003 -21"><span class='ocrx_word' id='word_1_98' title='bbox 202 1887 462 1963; x_wconf 76' lang='lat' dir='ltr'><em>appellationibus,</em></span> <span class='ocrx_word' id='word_1_99' title='bbox 485 1906 557 1966; x_wconf 87' lang='lat' dir='ltr'><em>quus</em></span> <span class='ocrx_word' id='word_1_100' title='bbox 571 1886 683 1947; x_wconf 78' lang='lat' dir='ltr'><em>milites</em></span> <span class='ocrx_word' id='word_1_101' title='bbox 699 1887 834 1947; x_wconf 86' lang='lat' dir='ltr'><em>veterani</em></span> <span class='ocrx_word' id='word_1_102' title='bbox 849 1887 896 1947; x_wconf 86' lang='lat' dir='ltr'><em>his</em></span> <span class='ocrx_word' id='word_1_103' title='bbox 911 1887 1032 1947; x_wconf 87' lang='lat' dir='ltr'><em>urbanis</em></span> <span class='ocrx_word' id='word_1_104' title='bbox 1047 1887 1231 1964; x_wconf 85' lang='lat' dir='ltr'><em>indiderunt,</em></span> 
     </span>
     <span class='ocr_line' id='line_1_16' title="bbox 201 1988 1233 2068; baseline 0.002 -20"><span class='ocrx_word' id='word_1_105' title='bbox 201 1992 332 2050; x_wconf 89' lang='lat' dir='ltr'><em>nendum</em></span> <span class='ocrx_word' id='word_1_106' title='bbox 355 1989 575 2066; x_wconf 85' lang='lat' dir='ltr'><em>expediverunt</em></span> <span class='ocrx_word' id='word_1_107' title='bbox 596 1988 702 2049; x_wconf 85' lang='lat' dir='ltr'><em>oritiei.</em></span> <span class='ocrx_word' id='word_1_108' title='bbox 738 1992 846 2068; x_wconf 89' lang='lat' dir='ltr'><em>Itaque</em></span> <span class='ocrx_word' id='word_1_109' title='bbox 869 1989 900 2048; x_wconf 89' lang='lat' dir='ltr'><em>in</em></span> <span class='ocrx_word' id='word_1_110' title='bbox 923 1990 1099 2050; x_wconf 86' lang='lat' dir='ltr'><em>temeritatis</em></span> <span class='ocrx_word' id='word_1_111' title='bbox 1121 1990 1233 2050; x_wconf 81' lang='lat' dir='ltr'><em>crimen</em></span> 
     </span>
     <span class='ocr_line' id='line_1_17' title="bbox 202 2091 1232 2171; baseline 0.003 -20"><span class='ocrx_word' id='word_1_112' title='bbox 202 2093 338 2165; x_wconf 82' lang='lat' dir='ltr'><em>incurrit,</em></span> <span class='ocrx_word' id='word_1_113' title='bbox 363 2093 415 2171; x_wconf 91' lang='lat' dir='ltr'><em>qui</em></span> <span class='ocrx_word' id='word_1_114' title='bbox 437 2094 528 2152; x_wconf 87' lang='lat' dir='ltr'><em>verbu</em></span> <span class='ocrx_word' id='word_1_115' title='bbox 550 2091 686 2166; x_wconf 86' lang='lat' dir='ltr'><em>secludit,</em></span> <span class='ocrx_word' id='word_1_116' title='bbox 710 2111 786 2171; x_wconf 90' lang='lat' dir='ltr'><em>quae</em></span> <span class='ocrx_word' id='word_1_117' title='bbox 806 2112 861 2153; x_wconf 90' lang='lat' dir='ltr'><em>nee</em></span> <span class='ocrx_word' id='word_1_118' title='bbox 876 2093 1093 2169; x_wconf 81' lang='lat' dir='ltr'><em>intelleguntur</em></span> <span class='ocrx_word' id='word_1_119' title='bbox 1108 2099 1138 2154; x_wconf 87' lang='lat' dir='ltr'><em>et</em></span> <span class='ocrx_word' id='word_1_120' title='bbox 1153 2094 1232 2154; x_wconf 86' lang='lat' dir='ltr'><em>laeu-</em></span> 
     </span>
     <span class='ocr_line' id='line_1_18' title="bbox 203 2194 1233 2275; baseline 0.002 -21"><span class='ocrx_word' id='word_1_121' title='bbox 203 2217 274 2255; x_wconf 88' lang='lat' dir='ltr'><em>nosu</em></span> <span class='ocrx_word' id='word_1_122' title='bbox 297 2196 446 2255; x_wconf 89' lang='lat' dir='ltr'><em>videntur.</em></span> <span class='ocrx_word' id='word_1_123' title='bbox 492 2195 608 2255; x_wconf 87' lang='lat' dir='ltr'><em>Desunt</em></span> <span class='ocrx_word' id='word_1_124' title='bbox 633 2194 712 2255; x_wconf 89' lang='lat' dir='ltr'><em>enim</em></span> <span class='ocrx_word' id='word_1_125' title='bbox 736 2195 843 2275; x_wconf 85' lang='lat' dir='ltr'><em>quibus</em></span> <span class='ocrx_word' id='word_1_126' title='bbox 866 2196 1053 2274; x_wconf 83' lang='lat' dir='ltr'><em>explanetur,</em></span> <span class='ocrx_word' id='word_1_127' title='bbox 1082 2197 1165 2257; x_wconf 91' lang='lat' dir='ltr'><em>euius</em></span> <span class='ocrx_word' id='word_1_128' title='bbox 1186 2197 1233 2257; x_wconf 90' lang='lat' dir='ltr'><em>rei</em></span> 
     </span>
     <span class='ocr_line' id='line_1_19' title="bbox 203 2298 1233 2375; baseline 0.002 -19"><span class='ocrx_word' id='word_1_129' title='bbox 203 2298 317 2359; x_wconf 83' lang='lat' dir='ltr'><em>fuerint</em></span> <span class='ocrx_word' id='word_1_130' title='bbox 339 2304 481 2359; x_wconf 85' lang='lat' dir='ltr'><em>auctores.</em></span> <span class='ocrx_word' id='word_1_131' title='bbox 516 2298 603 2358; x_wconf 89' lang='lat' dir='ltr'><em>Viam</em></span> <span class='ocrx_word' id='word_1_132' title='bbox 624 2299 713 2375; x_wconf 87' lang='lat' dir='ltr'><em>plane</em></span> <span class='ocrx_word' id='word_1_133' title='bbox 737 2299 885 2361; x_wconf 84' lang='lat' dir='ltr'><em>diversum</em></span> <span class='ocrx_word' id='word_1_134' title='bbox 906 2300 1059 2374; x_wconf 79' lang='lat' dir='ltr'><em>ingressus</em></span> <span class='ocrx_word' id='word_1_135' title='bbox 1074 2305 1120 2359; x_wconf 92' lang='lat' dir='ltr'><em>est</em></span> <span class='ocrx_word' id='word_1_136' title='bbox 1133 2299 1233 2359; x_wconf 87' lang='lat' dir='ltr'><em>Kiess-</em></span> 
     </span>
     <span class='ocr_line' id='line_1_20' title="bbox 202 2401 1233 2479; baseline 0.002 -19"><span class='ocrx_word' id='word_1_137' title='bbox 202 2401 274 2477; x_wconf 85' lang='lat' dir='ltr'><em>ling.</em></span> <span class='ocrx_word' id='word_1_138' title='bbox 321 2402 492 2479; x_wconf 77' lang='lat' dir='ltr'><em>Suspicatus</em></span> <span class='ocrx_word' id='word_1_139' title='bbox 525 2408 570 2462; x_wconf 88' lang='lat' dir='ltr'><em>est</em></span> <span class='ocrx_word' id='word_1_140' title='bbox 600 2401 678 2460; x_wconf 88' lang='lat' dir='ltr'><em>enim</em></span> <span class='ocrx_word' id='word_1_141' title='bbox 708 2403 857 2479; x_wconf 89' lang='lat' dir='ltr'><em>appellare</em></span> <span class='ocrx_word' id='word_1_142' title='bbox 888 2401 968 2462; x_wconf 89' lang='lat' dir='ltr'><em>idem</em></span> <span class='ocrx_word' id='word_1_143' title='bbox 1001 2402 1170 2478; x_wconf 83' lang='lat' dir='ltr'><em>signifieare</em></span> <span class='ocrx_word' id='word_1_144' title='bbox 1199 2422 1233 2462; x_wconf 88' lang='lat' dir='ltr'><em>aa</em></span> 
     </span>
     <span class='ocr_line' id='line_1_21' title="bbox 202 2503 1232 2584; baseline 0.001 -22"><span class='ocrx_word' id='word_1_145' title='bbox 202 2506 313 2564; x_wconf 75' lang='lat' dir='ltr'><em>auxillo</em></span> <span class='ocrx_word' id='word_1_146' title='bbox 343 2526 447 2564; x_wconf 87' lang='lat' dir='ltr'><em>vocare</em></span> <span class='ocrx_word' id='word_1_147' title='bbox 476 2509 506 2564; x_wconf 92' lang='lat' dir='ltr'><em>et</em></span> <span class='ocrx_word' id='word_1_148' title='bbox 528 2503 718 2565; x_wconf 81' lang='lat' dir='ltr'><em>scribendum</em></span> <span class='ocrx_word' id='word_1_149' title='bbox 740 2524 804 2565; x_wconf 84' lang='lat' dir='ltr'><em>esse</em></span> <span class='ocrx_word' id='word_1_150' title='bbox 831 2507 968 2565; x_wconf 80' lang='lat' dir='ltr'><em>inlustres</em></span> <span class='ocrx_word' id='word_1_151' title='bbox 994 2506 1129 2577; x_wconf 74' lang='lat' dir='ltr'><em>urlnrros,</em></span> <span class='ocrx_word' id='word_1_152' title='bbox 1162 2525 1232 2584; x_wconf 88' lang='lat' dir='ltr'><em>quos</em></span> 
     </span>
     <span class='ocr_line' id='line_1_22' title="bbox 201 2606 711 2686; baseline 0 -20"><span class='ocrx_word' id='word_1_153' title='bbox 201 2627 240 2666; x_wconf 92' lang='lat' dir='ltr'><em>sa</em></span> <span class='ocrx_word' id='word_1_154' title='bbox 251 2611 335 2668; x_wconf 80' lang='lat' dir='ltr'><em>raca&#39;e‘</em></span> <span class='ocrx_word' id='word_1_155' title='bbox 354 2611 489 2668; x_wconf 85' lang='lat' dir='ltr'><em>tostas</em></span> <span class='ocrx_word' id='word_1_156' title='bbox 511 2606 711 2686; x_wconf 87' lang='lat' dir='ltr'><em>appellabant.</em></span> 
     </span>
    </p>

    <p class='ocr_par' dir='ltr' id='par_1_5' title="bbox 203 2709 1232 3100">
     <span class='ocr_line' id='line_1_23' title="bbox 289 2709 1230 2790; baseline 0.003 -21"><span class='ocrx_word' id='word_1_157' title='bbox 289 2717 373 2786; x_wconf 85' lang='lat'><strong>86‚3</strong></span> <span class='ocrx_word' id='word_1_158' title='bbox 396 2714 549 2770; x_wconf 77' lang='lat' dir='ltr'><em>aestatim</em></span> <span class='ocrx_word' id='word_1_159' title='bbox 573 2713 638 2769; x_wconf 83' lang='lat' dir='ltr'><em>e&#39;rrde</em></span> <span class='ocrx_word' id='word_1_160' title='bbox 662 2709 839 2790; x_wconf 75' lang='lat' dir='ltr'><em>[digressus]</em></span> <span class='ocrx_word' id='word_1_161' title='bbox 855 2712 953 2772; x_wconf 84' lang='lat' dir='ltr'><em>llebllo</em></span> <span class='ocrx_word' id='word_1_162' title='bbox 974 2714 1147 2790; x_wconf 86' lang='lat' dir='ltr'><em>proconsule</em></span> <span class='ocrx_word' id='word_1_163' title='bbox 1168 2733 1230 2772; x_wconf 87' lang='lat' dir='ltr'><em>eum</em></span> 
     </span>
     <span class='ocr_line' id='line_1_24' title="bbox 203 2812 1232 2891; baseline 0.005 -22"><span class='ocrx_word' id='word_1_164' title='bbox 203 2812 295 2870; x_wconf 79' lang='lat' dir='ltr'><em>tru&#39;lus</em></span> <span class='ocrx_word' id='word_1_165' title='bbox 324 2816 362 2871; x_wconf 87' lang='lat' dir='ltr'><em>ud</em></span> <span class='ocrx_word' id='word_1_166' title='bbox 386 2815 528 2891; x_wconf 81' lang='lat' dir='ltr'><em>Thapsum</em></span> <span class='ocrx_word' id='word_1_167' title='bbox 558 2813 717 2890; x_wconf 75' lang='lat' dir='ltr'><em>legionibus</em></span> <span class='ocrx_word' id='word_1_168' title='bbox 745 2822 774 2872; x_wconf 88' lang='lat' dir='ltr'><em>et</em></span> <span class='ocrx_word' id='word_1_169' title='bbox 797 2816 849 2872; x_wconf 85' lang='lat' dir='ltr'><em>Cu.</em></span> <span class='ocrx_word' id='word_1_170' title='bbox 876 2817 1001 2874; x_wconf 81' lang='lat' dir='ltr'><em>Bomitra</em></span> <span class='ocrx_word' id='word_1_171' title='bbox 1031 2835 1092 2874; x_wconf 88' lang='lat' dir='ltr'><em>cnm</em></span> <span class='ocrx_word' id='word_1_172' title='bbox 1120 2815 1232 2875; x_wconf 87' lang='lat' dir='ltr'><em>duabus</em></span> 
     </span>
     <span class='ocr_line' id='line_1_25' title="bbox 206 2914 1231 2996; baseline 0.002 -21"><span class='ocrx_word' id='word_1_173' title='bbox 206 2914 351 2992; x_wconf 76' lang='lat' dir='ltr'><em>Thysdrae</em></span> <span class='ocrx_word' id='word_1_174' title='bbox 372 2950 413 2962; x_wconf 96' lang='lat'>-</span> <span class='ocrx_word' id='word_1_175' title='bbox 436 2918 547 2976; x_wconf 78' lang='lat' dir='ltr'><em>relectis</em></span> <span class='ocrx_word' id='word_1_176' title='bbox 570 2950 612 2962; x_wconf 93' lang='grc'>-</span> <span class='ocrx_word' id='word_1_177' title='bbox 634 2917 763 2976; x_wconf 79' lang='lat' dir='ltr'><em>Messala</em></span> <span class='ocrx_word' id='word_1_178' title='bbox 788 2918 897 2977; x_wconf 83' lang='lat' dir='ltr'><em>lltleaar</em></span> <span class='ocrx_word' id='word_1_179' title='bbox 920 2927 987 2977; x_wconf 88' lang='lat' dir='ltr'><em>ante</em></span> <span class='ocrx_word' id='word_1_180' title='bbox 1007 2919 1166 2996; x_wconf 79' lang='lat' dir='ltr'><em>praemisso</em></span> <span class='ocrx_word' id='word_1_181' title='bbox 1189 2951 1231 2962; x_wconf 91' lang='lat'><em>—</em></span> 
     </span>
     <span class='ocr_line' id='line_1_26' title="bbox 203 3018 1187 3100; baseline 0.003 -25"><span class='ocrx_word' id='word_1_182' title='bbox 203 3020 264 3095; x_wconf 79' lang='lat' dir='ltr'><em>epse</em></span> <span class='ocrx_word' id='word_1_183' title='bbox 285 3021 379 3078; x_wconf 87' lang='lat' dir='ltr'><em>codem</em></span> <span class='ocrx_word' id='word_1_184' title='bbox 403 3023 458 3078; x_wconf 87' lang='lat' dir='ltr'><em>r&#39;ter</em></span> <span class='ocrx_word' id='word_1_185' title='bbox 472 3020 579 3100; x_wconf 86' lang='lat' dir='ltr'><em>faeere</em></span> <span class='ocrx_word' id='word_1_186' title='bbox 601 3018 758 3078; x_wconf 80' lang='lat' dir='ltr'><em>contendit.</em></span> <span class='ocrx_word' id='word_1_187' title='bbox 1185 3090 1187 3094; x_wconf 19' lang='grc' dir='ltr'>ι</span> 
     </span>
    </p>

    <p class='ocr_par' dir='ltr' id='par_1_6' title="bbox 202 3121 1231 3927">
     <span class='ocr_line' id='line_1_27' title="bbox 289 3121 1231 3200; baseline 0.005 -20"><span class='ocrx_word' id='word_1_188' title='bbox 289 3122 346 3180; x_wconf 80' lang='lat' dir='ltr'><em>Cur</em></span> <span class='ocrx_word' id='word_1_189' title='bbox 376 3125 524 3198; x_wconf 64' lang='lat' dir='ltr'><em>degressus</em></span> <span class='ocrx_word' id='word_1_190' title='bbox 554 3121 699 3182; x_wconf 86' lang='lat' dir='ltr'><em>deleverit</em></span> <span class='ocrx_word' id='word_1_191' title='bbox 730 3123 860 3197; x_wconf 66' lang='lat' dir='ltr'><em>Novak„</em></span> <span class='ocrx_word' id='word_1_192' title='bbox 892 3123 1008 3198; x_wconf 85' lang='lat' dir='ltr'><em>ignore.</em></span> <span class='ocrx_word' id='word_1_193' title='bbox 1051 3123 1082 3182; x_wconf 82' lang='lat' dir='ltr'><em>si</em></span> <span class='ocrx_word' id='word_1_194' title='bbox 1113 3124 1231 3200; x_wconf 86' lang='lat' dir='ltr'><em>putavit</em></span> 
     </span>
     <span class='ocr_line' id='line_1_28' title="bbox 203 3224 1231 3307; baseline 0.004 -24"><span class='ocrx_word' id='word_1_195' title='bbox 203 3225 395 3301; x_wconf 82' lang='lat' dir='ltr'><em>participium</em></span> <span class='ocrx_word' id='word_1_196' title='bbox 422 3224 581 3284; x_wconf 88' lang='lat' dir='ltr'><em>delendum</em></span> <span class='ocrx_word' id='word_1_197' title='bbox 609 3244 681 3300; x_wconf 86' lang='lat' dir='ltr'><em>essa,</em></span> <span class='ocrx_word' id='word_1_198' title='bbox 714 3227 793 3305; x_wconf 86' lang='lat' dir='ltr'><em>qued</em></span> <span class='ocrx_word' id='word_1_199' title='bbox 814 3247 873 3287; x_wconf 89' lang='lat' dir='ltr'><em>nen</em></span> <span class='ocrx_word' id='word_1_200' title='bbox 897 3228 1056 3307; x_wconf 76' lang='lat' dir='ltr'><em>quadraret</em></span> <span class='ocrx_word' id='word_1_201' title='bbox 1077 3226 1110 3288; x_wconf 91' lang='lat' dir='ltr'><em>in</em></span> <span class='ocrx_word' id='word_1_202' title='bbox 1132 3247 1231 3288; x_wconf 87' lang='lat' dir='ltr'><em>rerum</em></span> 
     </span>
     <span class='ocr_line' id='line_1_29' title="bbox 202 3325 1231 3409; baseline 0.004 -22"><span class='ocrx_word' id='word_1_203' title='bbox 202 3332 352 3403; x_wconf 82' lang='lat' dir='ltr'><em>gestarum</em></span> <span class='ocrx_word' id='word_1_204' title='bbox 368 3325 510 3401; x_wconf 88' lang='lat' dir='ltr'><em>ordinem,</em></span> <span class='ocrx_word' id='word_1_205' title='bbox 533 3327 680 3388; x_wconf 85' lang='lat' dir='ltr'><em>refellitur</em></span> <span class='ocrx_word' id='word_1_206' title='bbox 695 3328 825 3388; x_wconf 82' lang='lat' dir='ltr'><em>maxima</em></span> <span class='ocrx_word' id='word_1_207' title='bbox 839 3329 1023 3408; x_wconf 85' lang='lat' dir='ltr'><em>prethysteri</em></span> <span class='ocrx_word' id='word_1_208' title='bbox 1038 3329 1132 3408; x_wconf 91' lang='lat' dir='ltr'><em>eopia,</em></span> <span class='ocrx_word' id='word_1_209' title='bbox 1155 3350 1231 3409; x_wconf 87' lang='lat' dir='ltr'><em>quae</em></span> 
     </span>
     <span class='ocr_line' id='line_1_30' title="bbox 202 3429 1226 3506; baseline 0.005 -18"><span class='ocrx_word' id='word_1_210' title='bbox 202 3431 235 3489; x_wconf 92' lang='lat' dir='ltr'><em>in</em></span> <span class='ocrx_word' id='word_1_211' title='bbox 257 3431 313 3490; x_wconf 90' lang='lat' dir='ltr'><em>hoe</em></span> <span class='ocrx_word' id='word_1_212' title='bbox 336 3429 545 3490; x_wconf 81' lang='lat' dir='ltr'><em>commentario</em></span> <span class='ocrx_word' id='word_1_213' title='bbox 568 3431 731 3505; x_wconf 83' lang='lat' dir='ltr'><em>invenitur,</em></span> <span class='ocrx_word' id='word_1_214' title='bbox 754 3433 839 3494; x_wconf 86' lang='lat' dir='ltr'><em>velut</em></span> <span class='ocrx_word' id='word_1_215' title='bbox 854 3438 904 3506; x_wconf 84' lang='lat'><em>68,</em></span> <span class='ocrx_word' id='word_1_216' title='bbox 920 3439 938 3492; x_wconf 88' lang='grc'><strong>4</strong></span> <span class='ocrx_word' id='word_1_217' title='bbox 955 3436 1072 3493; x_wconf 77' lang='lat' dir='ltr'><em>camelis</em></span> <span class='ocrx_word' id='word_1_218' title='bbox 1085 3435 1175 3493; x_wconf 78' lang='lat' dir='ltr'><em>XXII</em></span> <span class='ocrx_word' id='word_1_219' title='bbox 1193 3468 1226 3480; x_wconf 88' lang='lat'>-</span> 
     </span>
     <span class='ocr_line' id='line_1_31' title="bbox 203 3532 1230 3615; baseline 0.007 -25"><span class='ocrx_word' id='word_1_220' title='bbox 203 3532 301 3591; x_wconf 86' lang='lat' dir='ltr'><em>obdu</em></span> <span class='ocrx_word' id='word_1_221' title='bbox 311 3553 326 3590; x_wconf 92' lang='lat' dir='ltr'><em>c</em></span> <span class='ocrx_word' id='word_1_222' title='bbox 337 3536 389 3591; x_wconf 82' lang='lat' dir='ltr'><em>tr&#39;s</em></span> <span class='ocrx_word' id='word_1_223' title='bbox 407 3534 554 3611; x_wconf 76' lang='lat' dir='ltr'><em>praesulta</em></span> <span class='ocrx_word' id='word_1_224' title='bbox 575 3533 618 3592; x_wconf 83' lang='lat' dir='ltr'><em>r&#39;br&#39;</em></span> <span class='ocrx_word' id='word_1_225' title='bbox 635 3569 668 3579; x_wconf 89' lang='lat'>-</span> <span class='ocrx_word' id='word_1_226' title='bbox 686 3536 788 3593; x_wconf 82' lang='lat' dir='ltr'><em>relr&#39;cto</em></span> <span class='ocrx_word' id='word_1_227' title='bbox 805 3537 865 3614; x_wconf 79' lang='lat' dir='ltr'><em>ipse</em></span> <span class='ocrx_word' id='word_1_228' title='bbox 879 3556 910 3595; x_wconf 89' lang='lat' dir='ltr'><em>se</em></span> <span class='ocrx_word' id='word_1_229' title='bbox 923 3540 1051 3615; x_wconf 79' lang='lat' dir='ltr'><em>recepere</em></span> <span class='ocrx_word' id='word_1_230' title='bbox 1066 3539 1158 3614; x_wconf 77' lang='lat' dir='ltr'><em>coepit</em></span> <span class='ocrx_word' id='word_1_231' title='bbox 1176 3560 1230 3612; x_wconf 86' lang='lat'><em>-;</em></span> 
     </span>
     <span class='ocr_line' id='line_1_32' title="bbox 204 3635 1230 3720; baseline 0.005 -26"><span class='ocrx_word' id='word_1_232' title='bbox 204 3635 268 3696; x_wconf 88' lang='lat' dir='ltr'><em>sim.</em></span> <span class='ocrx_word' id='word_1_233' title='bbox 285 3641 313 3710; x_wconf 89' lang='lat'><em>9,</em></span> <span class='ocrx_word' id='word_1_234' title='bbox 334 3641 366 3710; x_wconf 89' lang='lat'><em>1;</em></span> <span class='ocrx_word' id='word_1_235' title='bbox 391 3641 438 3709; x_wconf 83' lang='grc'><em>89,</em></span> <span class='ocrx_word' id='word_1_236' title='bbox 456 3641 474 3695; x_wconf 82' lang='grc'><strong>3</strong></span> <span class='ocrx_word' id='word_1_237' title='bbox 491 3656 553 3715; x_wconf 85' lang='lat' dir='ltr'><em>eqs.</em></span> <span class='ocrx_word' id='word_1_238' title='bbox 586 3638 743 3698; x_wconf 68' lang='lat' dir='ltr'><em>structura</em></span> <span class='ocrx_word' id='word_1_239' title='bbox 764 3638 904 3719; x_wconf 89' lang='lat' dir='ltr'><em>denique,</em></span> <span class='ocrx_word' id='word_1_240' title='bbox 927 3659 1003 3720; x_wconf 88' lang='lat' dir='ltr'><em>quae</em></span> <span class='ocrx_word' id='word_1_241' title='bbox 1025 3640 1123 3701; x_wconf 91' lang='lat' dir='ltr'><em>delete</em></span> <span class='ocrx_word' id='word_1_242' title='bbox 1138 3639 1230 3717; x_wconf 88' lang='lat' dir='ltr'><em>parti·</em></span> 
     </span>
     <span class='ocr_line' id='line_1_33' title="bbox 203 3737 1230 3821; baseline 0.004 -23"><span class='ocrx_word' id='word_1_243' title='bbox 203 3738 280 3815; x_wconf 85' lang='lat' dir='ltr'><em>cipio</em></span> <span class='ocrx_word' id='word_1_244' title='bbox 311 3737 443 3799; x_wconf 81' lang='lat' dir='ltr'><em>nuscitur</em></span> <span class='ocrx_word' id='word_1_245' title='bbox 471 3741 536 3798; x_wconf 83' lang='lat' dir='ltr'><em>inde</em></span> <span class='ocrx_word' id='word_1_246' title='bbox 567 3741 660 3800; x_wconf 87' lang='lat' dir='ltr'><em>eodem</em></span> <span class='ocrx_word' id='word_1_247' title='bbox 684 3745 741 3801; x_wconf 85' lang='lat' dir='ltr'><em>r‘ter</em></span> <span class='ocrx_word' id='word_1_248' title='bbox 761 3741 868 3821; x_wconf 86' lang='lat' dir='ltr'><em>jacere</em></span> <span class='ocrx_word' id='word_1_249' title='bbox 890 3747 954 3804; x_wconf 89' lang='lat' dir='ltr'><em>teto</em></span> <span class='ocrx_word' id='word_1_250' title='bbox 976 3745 1057 3804; x_wconf 90' lang='lat' dir='ltr'><em>oeele</em></span> <span class='ocrx_word' id='word_1_251' title='bbox 1081 3742 1172 3803; x_wconf 88' lang='lat' dir='ltr'><em>distat</em></span> <span class='ocrx_word' id='word_1_252' title='bbox 1192 3744 1230 3802; x_wconf 88' lang='lat' dir='ltr'><em>ab</em></span> 
     </span>
     <span class='ocr_line' id='line_1_34' title="bbox 203 3842 1230 3927; baseline 0.003 -26"><span class='ocrx_word' id='word_1_253' title='bbox 203 3842 356 3918; x_wconf 79' lang='lat' dir='ltr'><em>scriptoris</em></span> <span class='ocrx_word' id='word_1_254' title='bbox 388 3863 453 3918; x_wconf 90' lang='lat' dir='ltr'><em>usu,</em></span> <span class='ocrx_word' id='word_1_255' title='bbox 485 3843 537 3922; x_wconf 90' lang='lat' dir='ltr'><em>qui</em></span> <span class='ocrx_word' id='word_1_256' title='bbox 567 3843 692 3925; x_wconf 85' lang='lat' dir='ltr'><em>reliquis</em></span> <span class='ocrx_word' id='word_1_257' title='bbox 722 3845 795 3906; x_wconf 89' lang='lat' dir='ltr'><em>loeis</em></span> <span class='ocrx_word' id='word_1_258' title='bbox 818 3845 963 3924; x_wconf 86' lang='lat' dir='ltr'><em>omnibus,</em></span> <span class='ocrx_word' id='word_1_259' title='bbox 992 3845 1018 3906; x_wconf 85' lang='lat' dir='ltr'><em>si</em></span> <span class='ocrx_word' id='word_1_260' title='bbox 1042 3845 1160 3927; x_wconf 88' lang='lat' dir='ltr'><em>quidem</em></span> <span class='ocrx_word' id='word_1_261' title='bbox 1181 3864 1230 3907; x_wconf 89' lang='lat' dir='ltr'><em>res</em></span> 
     </span>
    </p>
   </div>
   <div class='ocr_carea' id='block_1_3' title="bbox 213 4063 977 4133">
    <p class='ocr_par' dir='ltr' id='par_1_7' title="bbox 213 4063 977 4133">
     <span class='ocr_line' id='line_1_35' title="bbox 213 4063 977 4133; baseline 0.008 -21"><span class='ocrx_word' id='word_1_262' title='bbox 213 4115 218 4122; x_wconf 78' lang='grc'><strong>,</strong></span> <span class='ocrx_word' id='word_1_263' title='bbox 274 4063 299 4129; x_wconf 91' lang='grc'><em>1)</em></span> <span class='ocrx_word' id='word_1_264' title='bbox 317 4065 391 4128; x_wconf 80' lang='lat' dir='ltr'><em>uiros,</em></span> <span class='ocrx_word' id='word_1_265' title='bbox 411 4081 469 4127; x_wconf 76' lang='lat' dir='ltr'><em>quoe</em></span> <span class='ocrx_word' id='word_1_266' title='bbox 486 4066 592 4119; x_wconf 78' lang='lat' dir='ltr'><em>urbanas</em></span> <span class='ocrx_word' id='word_1_267' title='bbox 608 4069 736 4133; x_wconf 74' lang='lat' dir='ltr'><em>appellant</em></span> <span class='ocrx_word' id='word_1_268' title='bbox 753 4069 879 4133; x_wconf 68' lang='lat' dir='ltr'><em>emplum</em></span> <span class='ocrx_word' id='word_1_269' title='bbox 896 4096 930 4107; x_wconf 93' lang='lat'>—</span> <span class='ocrx_word' id='word_1_270' title='bbox 948 4069 977 4119; x_wconf 66' lang='lat' dir='ltr'><em>lu.</em></span> 
     </span>
    </p>
   </div>
   <div class='ocr_carea' id='block_1_4' title="bbox 0 0 1440 4778">
    <p class='ocr_par' dir='ltr' id='par_1_8' title="bbox 0 0 1440 4778">
     <span class='ocr_line' id='line_1_36' title="bbox 0 0 1440 4778; baseline 0 0"><span class='ocrx_word' id='word_1_271' title='bbox 0 0 1440 4778; x_wconf 95' lang='lat' dir='ltr'><em> </em></span> 
     </span>
    </p>
   </div>
  </div>
 </body>
</html>
