2872 4778
597 365 833 432 ..105-

203 541 252 611 54,
283 543 319 612 3;
354 539 404 612 57,
436 537 474 610 ll.
529 540 635 618 Itaque
668 544 698 599 et
731 541 786 600 hoc
818 542 884 601 loco
916 542 1126 618 exponendum
1159 550 1232 618 erat,

201 641 347 702 fuissetne
368 641 496 702 dilectus
518 642 583 717 lege
606 643 737 703 sancitus
758 663 869 705 neone:
893 646 973 724 quod
994 644 1122 722 scriptor
1140 647 1234 707 refert

201 745 295 820 figura
325 764 402 824 quae
432 744 607 806 anticlimax
633 751 764 807 vocatur.
809 747 885 807 Nam
914 747 1135 823 libertini,
1165 770 1232 810 cnm

202 851 303 908 essent
323 847 389 926 ipsu
412 847 642 914 manumissione
665 848 747 910 cives
763 850 899 925 Romani,
922 851 1069 911 conscribi
1084 857 1232 929 poterant.

202 950 322 1012 Dilectu
336 951 455 1028 indigni
471 956 556 1013 erant
577 952 699 1014 liberi
715 953 809 1014 Afri.
841 955 934 1015 Plane
949 959 1049 1016 autem
1062 954 1230 1016 inauditum

203 1074 359 1129 servos,
399 1055 654 1130 gladiatores
688 1055 802 1116 similes
835 1057 993 1118 conscribi.
1049 1056 1232 1135 Compositio

204 1156 310 1218 similis
339 1160 391 1219 sed
420 1179 480 1217 non
502 1178 556 1235 per
578 1160 700 1219 eandem
723 1160 847 1235 figuram
869 1160 1025 1221 invenitur
1050 1166 1097 1236 19,
1122 1168 1139 1220 3
1163 1180 1233 1240 quos

203 1261 344 1320 Lubrcnus
367 1295 407 1305 -
431 1282 475 1319 ecc
506 1260 670 1334 titides,
706 1261 916 1322 libertinis
938 1266 1145 1343 scrur'sque
1166 1284 1233 1323 cou-

203 1365 372 1442 scrrpserut.

291 1467 335 1526 De
358 1466 475 1546 reliqua
496 1466 554 1527 loci
577 1471 725 1527 structura
750 1469 802 1528 cfr.
825 1468 884 1528 (lic.
908 1467 1125 1544 pertraditum
1148 1469 1190 1543 11,
1214 1475 1232 1527 3

203 1572 357 1641 amerinus,
391 1571 617 1643 consuetudines,
649 1571 823 1642 us'ce'uilutes,
849 1571 1010 1643 clientelae,
1036 1570 1099 1628 ludi
1125 1572 1234 1630 deui-

205 1691 272 1750 que
294 1683 329 1730 et
350 1674 411 1731 dice
424 1671 511 1751 secli.

290 1780 339 1849 41,
370 1781 388 1834 3
424 1774 556 1854 (Ouescr)
589 1775 746 1835 urbiculus
779 1779 941 1854 Scepzouem
974 1777 1013 1835 ud
1045 1777 1234 1835 dimicandum

203 1889 341 1955 puratum
363 1881 402 1936 od
423 1899 453 1937 se
476 1880 569 1960 [certo
592 1876 703 1957 animo]
727 1883 832 1938 uenire.
1037 1878 1039 1882 ⁴

290 1991 368 2040 certo
395 1984 491 2041 urimo
522 1980 692 2042 defenditur
721 1983 790 2042 bell.
814 1983 888 2044 Gall.
911 1984 999 2056 VIII,
1024 1987 1114 2055 18,2
1144 1985 1240 2040 nostri

204 2085 243 2142 ud
259 2085 462 2163 proeliandum
485 2088 609 2143 unr'mo
632 2094 716 2162 utque
738 2087 989 2161 u1·mr'spurutr'.
1023 2087 1130 2163 Itaque
1146 2087 1238 2145 verba

204 2187 243 2245 ud
262 2189 453 2247 dr‘nu'ccudum
472 2197 596 2265 paratus
624 2187 717 2248 aciem
749 2193 885 2265 spectent
906 2189 944 2248 ad
967 2187 1167 2247 dimicandum
1189 2185 1235 2244 in-

204 2295 354 2351 structam.
390 2291 500 2350 Contra
521 2290 682 2351 sociativus
704 2300 783 2350 certo
799 2293 892 2349 uur'mo
915 2290 1029 2350 indicat
1048 2289 1080 2349 in
1096 2288 1235 2366 Scipione

204 2393 295 2454 fuisse
317 2394 450 2454 animum
472 2399 641 2471 promptum
666 2397 839 2473 certumque
862 2392 1032 2453 dimicandi.

292 2503 340 2570 42,
366 2502 381 2556 l
417 2507 446 2555 et
476 2496 534 2556 sr'br'
564 2496 680 2573 dffcr'lc
702 2497 793 2576 suctu
824 2516 886 2555 esse
917 2497 1063 2557 rutellexs't
1092 2496 1180 2553 simul
1208 2505 1236 2552 ec

205 2601 334 2677 oppidum
367 2600 438 2680 [uuo
461 2598 599 2681 tempore]
612 2600 641 2679 ¹)
672 2619 842 2679 oppugnare
870 2610 900 2659 et
928 2603 957 2659 r‘n
987 2602 1051 2659 cere
1077 2599 1123 2682 [s'n
1145 2617 1235 2658 cornu

206 2704 309 2762 dextro
332 2723 366 2762 rc
389 2700 525 2782 crur'stro]
546 2723 584 2763 ex
607 2706 749 2782 r'tu'qur'erc
772 2703 834 2762 loco
853 2722 999 2780 pugnare.

291 2807 380 2866 Alter
410 2805 513 2866 localis
545 2809 575 2864 r'u
608 2826 697 2864 cornu
727 2807 830 2864 dextro
862 2825 897 2863 uc
927 2807 1046 2863 cruritro
1077 2823 1164 2882 quem
1188 2804 1235 2865 W.

207 2909 328 2970 seclusit
350 2908 533 2970 necessarius
556 2913 610 2969 est.
655 2908 720 2971 Quo
743 2908 841 2968 deleto
864 2907 955 2966 verba
978 2908 1007 2964 r'n
1030 2907 1093 2964 acic
1114 2905 1135 2964 i.
1157 2924 1182 2965 e.
1206 2907 1236 2963 iu

207 3013 317 3094 offeuer
350 3011 552 3071 Feldschlaett
587 3014 624 3071 ad
655 3016 746 3072 totam
780 3013 947 3087 spectarent
980 3008 1082 3068 aciem.
1135 3007 1237 3067 Acie

207 3124 305 3176 autem
338 3120 488 3193 pugnatur
519 3115 551 3174 in
584 3120 711 3194 utroque
745 3120 861 3174 tantum
895 3133 1003 3186 cornu,
1036 3109 1135 3170 media
1166 3110 1237 3169 an-

208 3218 283 3279 saris
311 3218 390 3278 acies
412 3217 554 3296 oppidum
577 3222 739 3295 oppugnat,
770 3217 801 3277 id
825 3217 904 3296 quod
927 3217 1111 3288 obscuratur,
1140 3212 1166 3273 si
1189 3212 1237 3272 W.

208 3319 369 3402 sequimur.
483 3368 485 3373 .

294 3429 380 3499 46,4
403 3443 460 3503 qua
482 3444 519 3484 ex
541 3444 574 3484 rc
591 3426 700 3484 Caesar
723 3432 878 3482 eomruotus
900 3441 947 3481 eos
969 3441 1039 3500 quos
1061 3423 1090 3480 in
1105 3422 1238 3479 stationi-

210 3528 261 3587 bus
283 3547 345 3586 cum
368 3529 465 3605 longis
487 3528 610 3588 nauibus
632 3529 710 3605 apud
732 3528 872 3606 Thapsum
896 3525 1057 3608 [costocus
1079 3522 1184 3601 causa]
1209 3526 1238 3581 iu

208 3632 273 3691 solo
295 3652 355 3692 csse
377 3636 510 3705 curemur,
535 3642 566 3690 ut
587 3633 662 3714 [sues
678 3633 821 3689 onerariis
838 3631 988 3708 longisque
1002 3625 1138 3707 nauibus]
1150 3644 1239 3702 prae-

209 3735 282 3795 sidio
304 3746 408 3807 essent,
434 3769 473 3781 -
498 3735 679 3795 drtrrr‘ueudos
701 3735 825 3793 curavit.

296 3839 415 3899 Froehl.
440 3840 477 3918 (Ι,
499 3858 568 3916 pag.
590 3839 644 3917 42)
674 3838 823 3899 custodiae
845 3852 935 3893 causa
966 3832 1091 3893 delenda
1113 3830 1238 3903 censuit,

280 4060 306 4126 1)
324 4061 368 4110 cir.
385 4076 445 4124 pag.
463 4062 496 4111 33
514 4063 573 4112 adn.
592 4065 616 4111 3.
