2932 4784
628 372 841 444 ..32..

217 555 377 613 uulneratus
404 554 547 632 paulatim
580 554 697 624 cedere,
733 551 866 628 tostis¹)
898 552 992 628 usags's
1023 552 1169 628 mags'eque
1200 552 1245 610 ia·

216 669 304 717 stare.

304 760 351 820 W.
374 780 413 820 ex
436 779 488 819 suu
509 759 605 836 ipsius
626 758 797 819 oouisoturs
814 758 949 836 paucist
962 757 1245 818 Forohhsmmorum

217 869 335 924 secutus
364 865 472 941 equites
500 863 613 920 Iuliani
638 860 760 921 delevit.
803 861 861 919 Sed
891 860 917 920 si
945 859 1106 920 relativum
1127 863 1178 939 qui
1197 879 1244 920 re·

216 969 372 1026 fotendum
405 970 484 1026 esset
513 965 552 1024 sd
579 966 716 1023 Caesaris
740 965 926 1041 paucitatem,
957 962 977 1022 i.
1000 983 1025 1022 o.
1056 964 1093 1021 sd
1124 968 1244 1023 euuotss

217 1069 351 1130 Caesaris
373 1067 483 1143 copies,
511 1073 575 1126 toto
595 1066 669 1125 hoeo
690 1065 831 1142 paucitas,
861 1070 897 1125 ut
918 1084 957 1124 ex
978 1067 1171 1144 sequentibus
1192 1086 1244 1142 up·

217 1179 312 1248 peret,
335 1171 421 1250 equis
442 1170 589 1229 instructo
610 1168 718 1227 fuisset
732 1173 762 1227 et
776 1167 907 1228 hostium
922 1167 1115 1229 multitudino
1130 1169 1246 1228 defosso

216 1273 359 1351 puulutim
380 1271 525 1333 oessissot
569 1271 649 1330 Illud
669 1270 805 1347 ineptum
827 1277 881 1344 ost,
906 1271 963 1330 hoo
984 1276 1098 1348 pugnet
1119 1290 1185 1330 oum
1206 1272 1245 1331 iis

217 1397 294 1457 quos
316 1375 424 1452 ospitis
437 1374 527 1435 initio
542 1375 721 1448 referuntur,
743 1373 795 1433 ubi
817 1372 1039 1448 legionarii
1060 1392 1121 1434 non
1136 1373 1245 1434 defessi

218 1479 341 1540 cessisse
363 1480 415 1538 sed
436 1478 555 1554 lougius
577 1475 727 1554 progressi
749 1495 812 1536 esse
833 1481 1002 1536 uursutur.
1036 1474 1122 1539 Quod
1137 1476 1245 1537 deiude

216 1603 281 1643 rem
317 1581 464 1656 dooernit,
501 1579 626 1640 Labieni
658 1581 802 1657 equitatus
834 1599 894 1639 nou
923 1580 960 1638 ud
989 1584 1081 1638 totam
1112 1580 1245 1640 hostium

219 1685 313 1744 soiom
338 1687 455 1760 speotst
476 1685 528 1743 sed
550 1685 587 1742 ud
609 1683 686 1743 solas
708 1682 921 1761 equitatus
943 1683 1044 1758 copies
1064 1683 1097 1741 iu
1118 1689 1245 1762 utroque

218 1806 310 1846 ooruu
334 1782 544 1863 dispositos2).
579 1785 638 1844 Hio
660 1784 753 1860 igitur
775 1785 926 1865 equitatus
941 1786 1012 1846 solis
1034 1785 1246 1866 equitibus

216 1888 398 1948 Iulianis
433 1888 546 1948 instare
583 1887 697 1964 potuit,
740 1887 774 1948 hi
811 1888 928 1968 equites
968 1888 1079 1948 Iuliuui
1119 1889 1246 1964 psuoi

217 1990 273 2068 (=
295 2011 362 2051 oum
389 1997 490 2052 essent
515 1990 604 2068 pouoi
626 1991 675 2050 vel
697 1991 860 2067 pauciores,
890 1992 944 2051 ofr.
967 1997 1017 2067 96,
1040 1991 1072 2070 2)
1101 1991 1244 2051 multi-

216 2094 359 2156 tudino
389 2095 519 2155 hostium
548 2095 658 2154 defossi
687 2095 755 2171 (uir.
788 2099 877 2168 18,4
908 2097 1016 2172 equites
1046 2096 1173 2153 iumenta
1203 2128 1245 2140 -

213 2201 418 2275 paucitate
440 2197 602 2275 defatagruta
624 2197 679 2274 -)
701 2197 844 2276 paulatim
866 2199 981 2259 osdero.
1025 2198 1131 2277 Itoquo
1153 2199 1245 2258 verbo

216 2321 234 2359 a
248 2302 298 2363 W.
320 2302 351 2360 in
374 2300 574 2377 suspicionem
593 2305 700 2360 voosts
713 2301 751 2358 ad
765 2299 946 2360 sententium
960 2299 1064 2380 utiquo
1078 2300 1246 2361 necessaris

217 2410 296 2463 sunt
345 2404 403 2463 Sed
433 2409 583 2464 structura
612 2404 770 2463 sdmodum
797 2408 845 2464 ost
872 2403 1018 2479 impedito
1047 2403 1148 2463 addito
1177 2423 1246 2480 pro·

286 2605 313 2669 1)
329 2606 406 2654 hostes
424 2608 454 2654 Α.
473 2621 524 2655 rso.
540 2606 581 2654 W.
616 2605 666 2654 Sed
683 2607 727 2654 ofr.
748 2609 823 2668 12,s
849 2622 901 2655 usos
924 2608 1000 2655 hostie
1019 2606 1127 2670 eouepiei
1144 2614 1243 2672 μακε,

216 2690 282 2737 idom
300 2694 342 2750 18,
358 2693 389 2753 43
408 2693 439 2753 ὁ,
458 2694 499 2752 ut,
520 2695 550 2755 15
569 2693 611 2752 39,
629 2695 644 2740 2
663 2706 714 2752 sqs.

287 2775 313 2839 2)
330 2777 360 2824 In
377 2777 472 2838 proelio
484 2778 634 2838 Ruspinsusi
653 2779 702 2825 duo
718 2778 827 2837 equitum
840 2793 932 2840 genero
944 2780 1059 2840 scriptori
1071 2785 1142 2828 orent
1153 2780 1245 2828 disosr·

217 2863 312 2909 nendo:
341 2864 486 2924 equites
504 2863 537 2911 in
555 2869 703 2923 utroquo
721 2879 822 2912 ooruu
840 2864 1020 2926 dispositi,
1039 2865 1096 2912 dum
1113 2865 1244 2914 modios

216 2948 303 2996 soisi
322 2949 455 3008 equites
473 2948 637 2997 Caesarianos
654 2949 749 3010 pedites
767 2955 860 2997 versut
877 2956 902 2999 st
918 2951 1084 3016 turbont(15‚
1098 2947 1131 3016 1),
1149 2952 1174 2998 id
1187 2966 1243 3012 oge-

216 3042 283 3096 ruut‚
306 3041 334 3082 ut
350 3035 430 3095 pulsis
448 3034 563 3083 cessuris
581 3034 705 3095 equitibus
722 3033 775 3099 (13,
794 3034 821 3098 2)
838 3040 916 3084 totum
934 3037 1012 3084 soiom
1029 3037 1244 3085 oiroumvsuirent.

216 3121 372 3182 Quapropter
396 3136 428 3169 ns
453 3127 585 3181 utrumque
612 3135 690 3181 genus
708 3135 723 3167 o
741 3120 879 3181 legentibus
897 3122 1096 3182 confunderetur,
1120 3123 1243 3170 oonstsnti

216 3222 263 3254 usu
281 3206 346 3265 illos,
366 3220 421 3253 oum
434 3211 576 3253 oonsturout
588 3221 618 3254 ex
635 3207 759 3254 turmis
778 3206 871 3254 firmi
881 3222 907 3265 s,
925 3207 1063 3269 equitatum,
1080 3208 1135 3270 hos,
1152 3208 1243 3267 quibus

216 3291 312 3351 pedites
330 3299 413 3339 osssut
430 3292 573 3350 intermixti,
600 3292 690 3352 equites
707 3293 852 3351 nominavit,
875 3295 946 3342 volut
965 3297 1005 3354 13,
1026 3299 1038 3342 1
1058 3292 1123 3342 acies
1139 3309 1188 3342 uon
1200 3309 1243 3356 pe-

216 3377 290 3423 ditum
313 3377 357 3423 sed
378 3377 489 3436 equitum.
533 3380 573 3437 14,
593 3380 608 3424 2
632 3379 725 3439 pedites
750 3394 803 3426 oues
826 3379 944 3439 equisone
963 3388 1130 3442 proaumnt5
1153 3380 1242 3439 equites

214 3462 382 3522 refiapietant;
474 3462 529 3510 dum
553 3464 643 3523 equites
662 3465 784 3525 peds'tfflus
806 3466 856 3513 suis
877 3474 1047 3514 sueeumreu
1084 3470 1125 3527 15,
1146 3471 1158 3514 1
1186 3467 1243 3514 dues

216 3549 304 3608 equites
321 3548 415 3609 loupiru
432 3548 464 3597 ab
481 3549 557 3610 siquis
570 3559 767 3611 prosequuntur,⁸
783 3553 872 3611 equites
941 3553 1159 3614 pelamnetitis—
1170 3568 1242 3600 uerus

208 3635 288 3695 sassie
307 3633 424 3684 vitabam.
459 3637 493 3683 ut
511 3638 585 3696 ¹³³2
610 3638 728 3696 optestatus
745 3638 861 3698 hostium
890 3643 964 3701 14,1
991 3640 1124 3699 eostam
1152 3638 1193 3696 lt,
1211 3642 1242 3699 2;

217 3725 257 3781 15,
276 3727 300 3773 3.

284 3809 349 3855 Huic
372 3808 509 3856 certissimo
534 3810 589 3857 usui
615 3811 697 3858 solum
721 3809 806 3859 obstet
834 3815 873 3870 13,
894 3815 906 3860 1
935 3811 1042 3860 &eorum
1065 3828 1097 3860 aa
1118 3811 1242 3860 sistitis-rem

215 3908 290 3941 samu
307 3894 401 3953 mapate
417 3894 521 3954 equitum
538 3895 614 3956 copiis
629 3896 798 3957 fimsauerant.
833 3896 874 3945 sio
891 3898 968 3946 odunt
984 3912 1041 3946 oum
1058 3898 1112 3946 AV.
1147 3899 1241 3945 'l'omsn

214 3993 271 4026 mes
294 3980 394 4039 quidem
419 3982 544 4028 sententis
564 3982 684 4042 equitatus
702 3983 834 4043 genetivus
851 3984 1019 4032 restituendus
1036 3989 1075 4031 ost
1091 3999 1122 4032 ox
1138 3983 1241 4042 reliquis

214 4063 284 4112 libris
302 4081 320 4115 π
338 4073 363 4114 st
380 4065 404 4131 β,
422 4067 465 4125 qui
481 4067 602 4127 praebent
617 4067 753 4126 aestuosos
