2872 4778
616 394 831 463 „97-

205 569 388 633 necessaria:
412 571 478 650 quis
503 572 582 632 snim
606 573 779 633 recordatur
793 571 968 652 scriptorem
983 591 1119 634 narrasse
1135 593 1198 650 cap.
1216 576 1233 632 8

205 675 361 735 Rabirium
391 675 424 734 in
446 675 579 734 Siciliam
610 675 732 736 missum
762 696 843 749 esse,
878 675 928 736 vel
957 695 1019 752 cap.
1045 683 1063 734 2
1094 675 1234 736 Alienum

205 784 372 855 praetorem
395 778 528 838 Siciliam
559 778 744 838 obtinuisse?
788 781 842 841 cfr.
872 784 1027 856 praeterea
1057 784 1084 853 3,
1110 783 1124 838 l
1155 789 1234 856 post-

205 902 288 960 quam
303 882 491 939 Adrumetam
515 885 638 940 accessit
655 918 704 955 —,
730 883 790 942 itt
810 916 851 927 —
874 891 963 942 ante
980 891 1135 960 portam
1158 901 1234 940 corn-

206 994 345 1043 moratus.
382 989 432 1058 62,
449 989 465 1042 5
483 985 694 1043 Adrumeto
717 1006 763 1043 ecc
785 986 946 1044 cottone
968 1004 1111 1062 egressus.
1149 990 1233 1056 35,4

205 1089 245 1146 ad
267 1097 293 1145 te
315 1089 345 1145 in
369 1097 417 1144 tua
437 1087 587 1165 praesidia
611 1087 777 1166 confugere.
818 1095 868 1162 92,
894 1095 906 1147 l
934 1089 973 1148 ad
995 1091 1146 1148 Caesarem
1173 1089 1234 1147 Uti-

206 1209 267 1247 cam
296 1195 423 1248 mittant.
470 1195 519 1264 92,
543 1196 561 1248 4
585 1188 719 1273 [Zamam
737 1189 986 1273 per·]¹)venr'unt
1009 1192 1048 1250 ad
1070 1193 1230 1251 Caesarem.

207 1297 256 1367 88,
280 1298 297 1351 3
329 1290 436 1374 [intro]
457 1322 501 1339 -
522 1297 551 1352 in
575 1294 745 1354 cadr'calam.
792 1298 901 1374 ltaque
923 1315 989 1355 cnm
1012 1295 1166 1355 videamus
1188 1295 1234 1354 ai·

205 1394 293 1454 miam
325 1397 389 1457 fere
422 1403 572 1458 auctorem
604 1417 728 1457 navasse
762 1416 881 1475 operam
913 1398 986 1458 locis
1017 1404 1151 1458 accurate
1182 1399 1234 1459 de-

205 1497 354 1572 finiendis,
375 1497 408 1558 in
432 1496 448 1577 §
466 1504 484 1558 4
508 1503 538 1558 r‘n
554 1501 694 1574 Siciliam,
718 1501 797 1580 quod
819 1519 920 1560 omnes
942 1501 1038 1559 adhuc
1058 1500 1234 1561 deleverunt

206 1599 344 1676 editores,
367 1601 472 1681 utique
495 1608 540 1663 est
562 1602 771 1665 retinendum:

290 1712 375 1783 atque
405 1707 467 1781 ipse
497 1708 526 1763 in
551 1714 630 1764 tanta
653 1716 719 1764 erat
736 1705 932 1784 festmatione
953 1715 984 1764 et
1003 1706 1228 1783 exspectatione,

205 1815 238 1863 at
264 1815 380 1882 postero
411 1808 457 1865 dr'e
485 1826 569 1885 quam
601 1810 725 1867 misisset
747 1809 861 1868 litteras
884 1805 1098 1889 [nuntiumque]
1121 1803 1162 1890 <in
1186 1809 1233 1866 Sr'·

204 1904 325 1990 citiam),
350 1910 469 1968 classem
493 1913 705 1989 enerct'tamque
728 1914 841 1970 morari
859 1913 978 1971 diceret.
1164 1972 1168 1977 ,

289 2012 365 2070 Nom
386 2014 479 2072 verba
500 2013 556 2073 illa
577 2013 610 2072 in
629 2014 654 2073 Ο
670 2014 807 2074 extitisse
822 2033 982 2074 consensus
998 2014 1085 2074 docet
1099 2013 1233 2072 codicum

204 2136 223 2171 α
245 2113 301 2193 (=
316 2115 384 2192 AV)
407 2121 437 2175 et
458 2113 487 2191 β.
524 2116 641 2178 Novak.
664 2118 744 2178 ultro
766 2136 940 2194 progressus
961 2119 1145 2194 nuntiumque
1161 2135 1232 2194 quo·

203 2236 261 2297 que
284 2218 442 2278 delendum
465 2224 575 2280 censet.
613 2220 714 2280 Demit
736 2221 829 2295 igitar
851 2220 922 2279 huic
943 2219 1082 2297 scriptori
1098 2218 1232 2297 proprie·

202 2325 303 2393 tatem,
328 2340 385 2399 qua
408 2341 497 2398 snpra
518 2322 670 2382 docuimus
694 2323 773 2402 (pag.
793 2323 844 2400 15)
865 2342 931 2382 eum
947 2324 985 2383 nb
1002 2320 1106 2382 Asinio
1122 2321 1233 2380 discre-

202 2442 282 2498 pare,
312 2443 378 2483 oum
407 2425 456 2484 hio
479 2446 595 2502 semper
617 2432 739 2503 usurpet
762 2426 933 2486 tabellarius
954 2425 1006 2484 ille
1028 2426 1146 2483 nuntius
1169 2443 1231 2480 cum

202 2528 311 2584 litteris
343 2533 394 2586 aut
422 2532 541 2588 nuntius
571 2541 599 2588 et
628 2531 752 2589 litterae.
799 2530 917 2591 Deinde
939 2532 1038 2589 autem
1061 2525 1232 2588 bimembris

202 2629 298 2688 oratio
326 2629 488 2710 insequens
519 2634 645 2708 (litteras
667 2635 851 2711 nuntiumque
872 2665 914 2678 -
937 2633 998 2690 dics
1019 2639 1168 2708 noctesque
1189 2662 1231 2672 —

202 2733 300 2790 acatos
331 2742 501 2811 mentemque
533 2768 575 2778 —
606 2737 750 2814 depositos
780 2736 974 2812 derectosqne)
1010 2733 1127 2795 Novaki
1161 2751 1231 2793 oon·

200 2833 334 2895 iacturae
356 2837 532 2912 refragatur.

288 2943 337 3012 26,
355 2942 373 2997 5
397 2940 642 2998 animaduertebat
663 2943 735 3000 enim
759 2975 802 2984 —
820 2958 909 3018 pecus
931 2940 1024 3015 diripi
1039 2932 1226 3018 [truct'ctarr'],

202 3041 305 3117 oppida
336 3043 508 3120 castellaque
533 3044 615 3103 dirui
633 3043 818 3122 strennuos)
838 3044 983 3121 principes
1005 3075 1047 3085 -
1069 3049 1120 3098 ant
1141 3041 1230 3097 ritter-

199 3141 292 3222 ΜΒ)
314 3153 368 3202 aut
389 3147 419 3202 r'n
441 3148 551 3205 catenis
575 3150 675 3219 teneri,
701 3147 807 3206 lr'beros
826 3164 923 3204 eorum
947 3176 986 3188 -
1014 3148 1043 3203 r'n
1065 3145 1229 3202 seruitutem

271 3382 296 3448 1)
320 3385 390 3433 Haec
412 3385 550 3432 Woelfflini
577 3385 719 3434 coniectura
745 3386 853 3446 pessima
879 3389 924 3432 cst.
967 3385 1052 3444 Neque
1076 3382 1142 3430 enim
1165 3380 1230 3427 vidit

201 3469 326 3517 Zamam
339 3471 486 3532 pervenire
499 3471 622 3519 constanti
634 3472 762 3534 scriptoris
774 3486 820 3520 usu
832 3470 940 3518 defendi.
967 3471 1011 3517 cfr.
1026 3473 1048 3528 1,
1061 3472 1074 3517 1
1089 3467 1229 3528 Intpbaenm

197 3555 337 3621 punenire3
359 3558 425 3604 idem
444 3560 486 3618 93,
504 3561 535 3616 4,
554 3559 596 3616 34,
616 3562 647 3620 13
666 3559 707 3617 62,
728 3561 758 3620 13
775 3561 817 3616 63,
838 3561 866 3619 ¹3
885 3559 927 3615 87,
947 3557 975 3618 13
995 3558 1024 3619 23
1043 3557 1084 3614 89,
1104 3558 1132 3615 23
1153 3556 1194 3613 92,
1212 3555 1229 3599 4

202 3655 253 3700 cqs.
289 3643 387 3702 Quibus
412 3643 501 3690 nititur
519 3644 581 3691 locis
602 3643 637 3708 (6,
659 3644 687 3703 7,
707 3646 730 3702 7,
751 3646 779 3705 13
800 3645 840 3702 92,
860 3639 1073 3690 coadunarem
1089 3638 1179 3700 conire)
1197 3654 1229 3687 ne

200 3727 328 3776 minimum
346 3729 446 3789 quidem
464 3728 592 3788 probatur.

270 3811 296 3877 2)
314 3815 435 3874 deserique
453 3812 482 3862 Ο.
509 3829 556 3864 ern.
577 3815 677 3864 Froehl.
696 3814 728 3879 (1,
746 3828 802 3875 pag.
824 3810 867 3877 79)
893 3812 985 3860 collato
1004 3814 1045 3871 20,
1065 3814 1088 3859 6.
1123 3809 1229 3860 Accedit

201 3899 267 3957 qnod
286 3901 311 3946 in
329 3893 534 3948 deserendis
552 3901 653 3962 oppidis
671 3901 741 3948 nulla
758 3899 825 3947 cerni
844 3901 927 3960 potest
943 3896 1085 3944 crudelitas.

270 3984 297 4050 ³)
313 3985 435 4034 trucidari
451 3986 544 4036 conica.
563 3988 605 4036 W.
