2932 4784
628 357 841 439 ³80*

214 541 304 607 clusit
326 567 364 606 ex
385 544 451 608 loco
475 546 552 607 ballo
576 545 632 606 civ.
656 547 714 619 111,
738 552 787 618 93,
805 550 823 603 4
845 546 1007 622 equitesque
1029 542 1198 622 Pompei-
1214 564 1245 605 se

216 652 416 708 turmatim
449 650 654 726 emplicare
683 683 725 693 -
755 657 979 726 coeperunt.
1034 648 1100 707 Hoc
1130 653 1245 707 tuntum

215 754 303 812 modo
334 771 400 811 cum
431 751 559 811 altitudo
590 751 665 810 aciei
694 771 752 810 una
782 756 880 810 turma
910 749 1002 808 maior
1025 754 1115 821 osset,
1146 747 1246 827 eliqua

216 854 382 913 similitudo
404 854 590 913 intercedere
614 853 713 930 potuit
734 853 814 913 inter
835 853 912 911 hanc
935 851 1069 930 equitum
1090 856 1122 910 et
1143 851 1244 910 cohor·

217 957 290 1016 tium
315 955 550 1018 collocationem.
594 956 710 1014 Deinde
739 955 771 1014 in
801 957 899 1014 fronte
922 954 1016 1012 alteru
1038 952 1246 1012 dissimilitudo

216 1059 395 1118 removenda
422 1064 504 1118 erat:
536 1057 635 1118 solent
663 1057 743 1116 enim
775 1061 889 1116 turmae
921 1055 1054 1134 equitum
1085 1074 1146 1114 non
1173 1057 1245 1114 adeo

217 1160 343 1220 coartari
373 1168 407 1222 ut
436 1161 582 1235 cohortes,
613 1179 678 1219 cum
707 1158 803 1238 equiti
831 1158 925 1217 maius
955 1157 1082 1236 epatium
1111 1177 1186 1233 opus
1207 1156 1247 1216 eit

218 1264 255 1323 ad
284 1283 392 1341 equum
424 1265 575 1324 commoda
606 1263 758 1323 utendum.
803 1262 886 1320 Haec
916 1259 1010 1336 igitur
1035 1260 1195 1320 intervalla
1221 1260 1246 1318 si

218 1365 323 1425 relicte
345 1371 455 1440 essent,
481 1365 588 1425 iterum
613 1364 708 1424 omnia
730 1364 876 1441 pedestris
897 1362 972 1422 aciei
995 1362 1157 1422 similitudo
1179 1381 1247 1422 evu-

219 1468 349 1528 nuieset:
382 1467 484 1548 itaque
517 1472 546 1526 in
569 1472 678 1545 fronte
705 1470 813 1544 equites
839 1464 984 1543 peditibus
1006 1467 1184 1542 interpositis
1206 1499 1246 1510 -

219 1571 473 1630 condensauerant.
521 1572 574 1630 cfr.
597 1575 750 1649 praeterea
776 1574 824 1643 14,
849 1575 866 1626 2
896 1587 933 1627 es
961 1570 1109 1627 condereris
1132 1571 1244 1627 turmis.

221 1670 412 1748 Quapropter
427 1692 491 1732 cum
508 1673 655 1751 eorrsertus
670 1675 784 1749 spectet
799 1673 836 1730 ad
851 1670 1050 1744 altitudinem,
1071 1672 1248 1730 condensare

221 1776 257 1831 ad
280 1774 504 1833 collocationem
526 1775 558 1834 in
585 1776 692 1848 fronte,
719 1779 826 1834 neutro
849 1775 941 1836 verbo
963 1792 1062 1833 carere
1084 1793 1247 1850 possumus.

311 1880 357 1949 13,
382 1882 399 1934 2
427 1873 567 1958 [interim]
592 1880 701 1935 Caesar
723 1880 813 1936 aciem
836 1877 946 1952 derigit
965 1877 1131 1953 simplicem.

306 1978 355 2039 W.
384 1980 482 2054 frangi
511 1980 666 2040 contendit
693 1980 753 2039 vim
782 1979 980 2057 oppositionis
1005 1978 1113 2055 (hostes
1134 1981 1246 2038 interim

220 2085 309 2141 aerem
338 2085 476 2159 derigunt
509 2117 546 2126 -—
578 2085 691 2141 iuterim
716 2084 824 2141 Caesar
854 2084 942 2140 actem
971 2082 1091 2159 derigit)
1121 2082 1249 2158 repetito

221 2185 375 2261 particula,
407 2205 465 2264 qua
493 2186 627 2262 legentes
658 2185 689 2243 in
722 2205 788 2244 cum
812 2203 942 2244 errorem
964 2183 1185 2259 inducerentur,
1216 2191 1249 2245 ut

221 2287 375 2347 Caesarem
398 2290 479 2348 aliud
504 2289 650 2369 quoddam
672 2307 705 2347 ac
720 2287 884 2346 Labienum
899 2287 1005 2347 iecisse
1020 2287 1078 2346 eibi
1092 2288 1247 2364 fingerent.

221 2391 307 2450 Certo
331 2392 472 2468 proclivis
495 2396 541 2451 est
563 2391 613 2450 hic
636 2410 734 2450 errore
766 2392 817 2450 ead
840 2391 938 2450 elucet
958 2390 1029 2449 inde
1051 2390 1182 2452 auctoris
1203 2391 1249 2450 in·

221 2493 345 2551 scientia
360 2493 521 2554 scribendi.
555 2496 601 2552 Ac
624 2499 831 2573 praeterquam
855 2495 934 2573 quod
954 2494 1041 2554 valde
1057 2498 1102 2554 est
1116 2493 1249 2568 dubium,

222 2593 387 2652 senseritne
410 2595 531 2654 omnino
555 2594 669 2673 aliquid
691 2595 818 2672 scriptor
839 2596 871 2654 in
894 2599 1063 2673 usurpanda
1084 2597 1139 2657 hac
1157 2597 1249 2673 parti·

131 2730 133 2734 ⁷
221 2695 288 2753 cula
317 2695 423 2774 (altera
454 2696 532 2755 enim
564 2698 596 2755 in
628 2696 843 2773 coniungendis
872 2700 962 2759 rebus
991 2700 1082 2776 gestis
1110 2719 1175 2760 sese
1196 2719 1249 2760 ex·

223 2797 403 2877 cipientibue
418 2805 536 2876 praesto
552 2799 580 2859 ei
595 2819 656 2859 non
671 2799 728 2878 cet)
738 2800 776 2878 ¹),
792 2801 850 2861 alia
865 2804 972 2863 adsunt
986 2802 1117 2862 eiusdem
1131 2803 1249 2879 generis

222 2902 368 2976 exempla,
399 2903 484 2964 velut
507 2908 556 2976 34,
581 2901 630 2984 3l4
663 2904 822 2962 Sallustius
844 2907 956 2964 interim
977 2939 1017 2948 -—
1039 2924 1126 2964 naues
1147 2925 1250 2965 onera-

222 3006 285 3063 rias
300 3037 341 3046 —
357 3006 478 3082 complet
500 3014 586 3082 atque
607 2993 648 3063 in·
658 3014 758 3064 castra
774 3008 813 3064 ad
828 3008 978 3067 Caesarem
994 3010 1090 3067 mittit.
1126 3010 1249 3068 Alienus

223 3109 337 3164 iuterim
357 3108 517 3184 proconsul
533 3142 567 3153 -
586 3110 738 3167 seeundum
760 3118 941 3167 commeatum
964 3108 1145 3188 insAsrr'eam
1163 3113 1252 3169 mittit

223 3208 263 3265 ml
285 3209 447 3267 Caesarem.
503 3211 552 3284 70,
577 3208 626 3291 ⁶l⁷
657 3210 801 3269 habimus
834 3243 875 3255 -
904 3214 944 3269 at
970 3232 1038 3271 suos
1066 3232 1098 3271 se
1127 3216 1247 3289 recepit.

224 3310 322 3386 Scr'pro
345 3314 459 3370 interim
483 3313 674 3389 legiones-
696 3314 859 3373 reducitin
882 3324 990 3373 eastra.

247 3476 250 3481 ,
313 3416 360 3485 14,
386 3417 400 3471 Ι
433 3413 526 3472 subito
557 3417 788 3475 aduersariorum
812 3416 994 3496 eque‘tatas2)
1017 3438 1079 3477 sese
1099 3421 1252 3478 extendere

225 3509 312 3594 [etin
329 3515 508 3574 latitudinem
521 3515 703 3599 promouere]
727 3520 868 3597 collesque
890 3520 1040 3597 complecti
1059 3517 1100 3602 [et
1116 3523 1251 3581 Caesaris

224 3618 378 3694 equitatum
401 3617 571 3703 ostenuare]
593 3654 635 3665 -
658 3632 822 3699 coeperunt.

310 3723 349 3778 ‘et
379 3722 513 3781 Caesaris
545 3727 702 3803 equitatum
734 3733 891 3784 extenuare
921 3725 966 3786 ita
997 3726 1252 3817 ipterpretantur:

295 3958 319 4026 1)
338 3962 411 4021 Apud
429 3961 544 4011 Asinium
561 3963 622 4012 haec
640 3964 781 4012 coniunctio
800 3980 850 4013 non
868 3966 982 4016 occurrit.

295 4044 321 4111 2)
338 4045 455 4109 equitatus
475 4047 505 4099 0.
542 4049 631 4110 equites
648 4049 678 4121 P1
698 4055 723 4099 et
740 4051 780 4100 W.
815 4052 859 4101 cir.
878 4052 910 4101 ad
929 4055 971 4117 ta,
991 4053 1014 4102 2.
