2872 4778
596 340 830 411 -11'0-

196 520 312 597 procul.
359 518 511 580 Orationis
535 517 698 579 obscuritas
720 518 790 577 inde
812 521 882 577 nata
906 536 969 577 esse
991 516 1123 589 videtur,
1153 515 1234 594 quod

199 623 325 701 scriptor
346 622 450 699 ipsee
480 620 739 697 legionariis
770 620 986 681 militibus
1009 618 1076 679 fuit.
1121 619 1234 676 Eadem

200 730 299 786 autem
332 726 462 786 occurrit
496 731 543 798 15,
569 729 583 783 1
617 727 841 802 maurimontem
864 725 986 781 hostium
1006 723 1096 799 pilum
1110 721 1139 796 1)
1167 723 1234 778 mi·

201 829 233 886 ii
240 828 337 906 15³²)
359 847 447 887 cursa
466 828 557 905 [55115
579 826 716 885 vitabant.
761 825 808 885 W.
832 829 939 897 autem,
962 844 1027 883 cum
1050 823 1237 884 desideraret

200 939 363 989 nostrorum
394 931 444 993 vel
472 931 727 1001 Caesarianorum,
759 932 789 986 et
818 929 875 987 hoc
906 928 970 987 loco
1001 927 1102 984 mr'lr'tis
1133 926 1235 985 delere

200 1039 322 1094 conatus
345 1038 398 1095 est.
436 1034 494 1094 Sed
516 1052 582 1092 cum
605 1033 663 1091 duo
686 1030 787 1090 adsint
807 1029 939 1090 eiusdem
956 1048 1076 1108 prorsus
1092 1027 1236 1088 narrandi
1264 1084 1267 1089 .

201 1136 394 1213 proprietatis
418 1136 563 1211 exempla,
586 1134 663 1194 nihil
685 1133 849 1208 scripturae
872 1133 999 1192 traditae
1021 1131 1088 1191 tolli
1111 1130 1191 1189 licet.

290 1244 339 1313 59,
357 1245 373 1297 5
397 1239 429 1296 id
449 1239 503 1296 hoe
523 1239 654 1308 consilto,
682 1245 713 1293 ut
735 1255 798 1293 cum
821 1239 898 1294 55155
920 1237 994 1294 duae
1016 1238 1236 1293 1515555555-

202 1344 362 1400 curassent
392 1343 474 1400 r'rrr'tio
506 1343 672 1399 certaminis
703 1372 745 1383 -
775 1342 836 1396 eius
862 1341 1005 1416 equitatus
1027 1340 1237 1397 circumuectus

202 1467 240 1505 aa·
273 1447 427 1520 improvr'so
460 1444 609 1502 clauderet
639 1473 682 1485 —
714 1445 869 1501 excercitum
906 1444 1037 1500 Caesaris
1072 1451 1160 1519 utque
1194 1475 1237 1484 —

203 1549 308 1607 r'asulis
338 1547 508 1624 configeret.
554 1544 641 1626 [haec
669 1543 730 1622 suit
761 1548 839 1603 ratio
863 1546 1007 1622 Scipionis
1028 1566 1061 1602 eo
1084 1546 1132 1603 dri:
1149 1564 1236 1622 proe-

205 1647 325 1727 isuadi]

290 1753 339 1812 Ad
360 1754 434 1810 hacc
455 1751 502 1810 W.
526 1751 668 1811 adnotat:
691 1755 766 1811 ‘cum
789 1750 917 1829 scriptor
940 1750 1059 1810 disertis
1081 1751 1183 1810 vorbis
1206 1769 1236 1807 se

204 1856 408 1932 expositurum
432 1875 495 1914 esse
518 1856 668 1930 professus
691 1855 730 1915 sit
753 1856 816 1934 (59,
844 1860 879 1928 1;
903 1859 1008 1928 60,1;
1031 1853 1141 1931 61,1),
1164 1873 1236 1933 quo-

203 1960 289 2018 modo
321 1963 352 2019 et
380 1957 480 2036 Scipio
512 1963 543 2017 et
565 1958 672 2016 Caesar
703 1957 795 2017 aciem
827 1957 1008 2029 damnarint,
1040 1959 1113 2015 haec
1143 1957 1237 2019 verba

205 2063 275 2121 laec
292 2065 359 2140 sarit
380 2094 421 2106 -
440 2061 606 2138 proeliandi
626 2060 724 2119 delere
754 2060 847 2120 satius
870 2059 1028 2119 duximus!
1074 2060 1238 2136 85115555-

207 2168 280 2224 liari
308 2185 368 2223 non
399 2163 547 2239 signifieat
577 2166 667 2221 aciem
701 2167 861 2237 instruere,
893 2163 983 2221 immo
1010 2162 1087 2222 ratio
1118 2181 1239 2238 prce·

207 2268 340 2327 liandi
362 2267 440 2326 idem
463 2271 510 2326 est
531 2286 564 2325 ao
580 2266 655 2325 ratio
678 2266 898 2342 pugnandi.
935 2266 1043 2343 Itaque
1057 2266 1133 2325 haee
1147 2267 1239 2325 verba

208 2391 262 2431 nac
294 2372 331 2429 ad
364 2374 413 2443 59,
441 2375 452 2427 1
487 2389 543 2429 555
565 2370 603 2428 ad
628 2374 676 2441 61,
702 2373 715 2427 1
745 2375 881 2446 spectare
903 2373 1037 2445 possunt,
1070 2369 1123 2429 sed
1145 2368 1239 2426 solum

209 2475 244 2530 ad
267 2472 373 2548 capitis
390 2477 428 2530 59
448 2472 540 2530 verba
555 2472 692 2546 proxima
708 2473 739 2529 id
753 2473 806 2529 iras
829 2491 869 2530 55
879 2491 919 2529 ns
929 2475 941 2530 i
949 2473 962 2529 l
969 2474 1005 2530 io
1029 2476 1059 2530 et
1073 2470 1238 2552 sequentia.

209 2575 266 2632 Sed
289 2574 337 2632 W.
368 2573 400 2630 in
430 2574 555 2632 delendo
586 2576 643 2632 hoc
674 2575 829 2635 enuntiato
861 2594 896 2634 ea
927 2594 1045 2653 quoque
1075 2573 1169 2634 utitur
1198 2593 1239 2646 re,

211 2678 289 2756 quod
318 2677 374 2735 hoc
405 2675 468 2735 solo
491 2675 554 2735 loco
576 2681 679 2736 auctor
703 2679 871 2754 proeliandi
891 2679 983 2737 verbo
1006 2697 1077 2737 usus
1100 2681 1153 2736 est.
1200 2681 1240 2734 st

210 2781 283 2839 haec
306 2798 393 2839 causa
414 2779 485 2838 satis
508 2785 554 2839 est
574 2779 702 2841 infirma.
738 2782 851 2841 Eodem
874 2780 954 2840 enim
969 2780 1034 2840 iure
1049 2784 1145 2840 totum
1160 2779 1239 2857 quod

210 2883 360 2943 antecedit
390 2882 577 2943 enuntiatum
608 2883 721 2943 secludi
751 2886 848 2957 debet,
881 2884 951 2962 quia
981 2883 1014 2942 in
1045 2904 1080 2944 eo
1108 2882 1171 2944 solo
1193 2881 1240 2941 in·

210 2987 330 3046 venitur
351 2987 529 3046 vocabulum
551 2990 730 3046 certaminis.
1199 3054 1201 3059 y

297 3095 345 3162 60,
373 3094 386 3146 l
423 3091 557 3149 Caesaris
585 3099 678 3147 551551
709 3093 787 3149 55155
816 3091 868 3149 icoc
898 3092 978 3149 morio
999 3090 1067 3170 suit
1087 3089 1239 3148 conlocata

211 3188 259 3267 [ut
280 3191 316 3248 ab
335 3194 456 3251 sim'strc
470 3196 531 3250 eries
546 3212 636 3251 cornu
651 3195 752 3252 ordiar
767 3203 795 3251 51
810 3193 850 3250 ud
862 3195 992 3252 deutrum
1004 3194 1032 3272 8)
1044 3190 1237 3270 perveniam}

298 3292 422 3352 Omissis
458 3314 534 3376 quae
574 3295 658 3355 uncis
691 3296 806 3356 inclusa
839 3301 909 3356 sunt
941 3296 1095 3359 vocabulis
1128 3296 1239 3356 nullam

213 3395 332 3455 omnino
364 3416 465 3455 ausam
496 3400 685 3473 haberemus,
718 3420 777 3479 qua
808 3400 854 3459 usi
884 3420 967 3459 suum
999 3400 1107 3479 cuique
1129 3397 1241 3474 legioni

211 3500 309 3560 locum
340 3499 502 3560 attribuere
531 3522 695 3578 possumus.
741 3503 797 3563 His
828 3508 927 3563 autem
958 3505 1084 3564 servatis
1114 3503 1242 3578 scriptor

212 3604 325 3663 indicat
347 3623 378 3664 se
402 3603 534 3680 legiones
557 3625 574 3664 5
597 3625 687 3665 cornu
710 3605 831 3666 sinistro
853 3607 941 3666 initio
964 3607 1041 3666 facto
1064 3625 1099 3664 co
1122 3624 1242 3664 enume-

283 3859 308 3927 1)
322 3861 409 3922 palam
428 3861 448 3910 l.
478 3861 557 3922 palum
575 3860 606 3909 Ο.

281 3947 308 4011 2)
325 3948 409 3994 oeildis
427 3947 451 4013 β.
486 3948 573 3996 molitas
591 3962 616 3997 α.

282 4029 308 4101 d)
326 4039 348 4080 et
365 4033 401 4081 ad
417 4033 526 4082 deoetmm
544 4048 593 4083 om.
611 4049 634 4084 α.
