2872 4778
607 317 821 388 ..34-

198 496 351 574 scriptoris
382 499 488 575 equites
519 516 638 576 quoque
667 496 807 574 amplecti
836 500 936 575 potest
963 496 1029 575 (afr.
1053 498 1092 556 ad
1115 496 1166 569 ⁷5,
1190 496 1230 575 5).

199 601 258 661 Sed
279 601 383 662 videos
405 600 464 660 alia
485 600 575 659 huius
597 599 789 662 verbositatis
811 601 945 677 exempla
966 620 1034 676 pag.
1054 605 1094 659 38
1117 602 1186 661 adn.
1205 606 1230 658 l.

287 705 335 776 17,
360 708 375 762 l
410 704 519 762 Caesar
547 736 590 748 —
619 703 696 761 iubet
725 705 815 762 aciem
846 704 875 761 in
907 703 1116 780 longitudinem
1148 722 1229 780 quom

200 809 353 867 marimum
380 809 501 883 porrigi
527 802 583 888 [et]
612 807 734 865 ulterm's
761 809 909 865 conversis
933 805 1102 865 cohortibus
1124 839 1166 850 —
1189 808 1229 863 ito

201 930 336 970 coronam
360 910 481 968 dostr'um
504 909 616 968 diuidit.

218 1040 221 1046 Δ
289 1018 326 1072 ‘ct
340 1013 446 1089 copula
459 1012 594 1087 delenda,
609 1011 680 1092 quia
695 1012 754 1072 nisi
769 1012 901 1073 alternae
916 1013 1055 1073 cohortes
1069 1030 1230 1073 conversae

202 1123 232 1178 et
253 1117 285 1176 in
308 1116 466 1176 secundam
488 1115 581 1176 aciem
600 1116 739 1176 reductae
753 1115 913 1176 intervalla
927 1114 1132 1194 reliquissent,
1154 1113 1231 1173 acies

201 1240 260 1280 non
282 1218 382 1297 potuit
403 1216 536 1296 porrigi!
557 1220 607 1281 W.

287 1325 329 1382 At
350 1342 390 1383 ex
403 1321 453 1382 W.
474 1321 623 1382 sententia
645 1341 697 1382 eae
720 1323 866 1396 cohortes,
887 1340 964 1401 quac
987 1340 1098 1381 cornua
1117 1325 1230 1394 teuent,

201 1427 296 1487 locum
326 1431 448 1486 servant
477 1444 574 1504 neque
596 1425 629 1484 in
651 1424 841 1485 latitudinem
863 1430 1122 1502 promoventur:
1153 1421 1231 1483 acies

201 1528 294 1605 igitur
321 1528 354 1588 in
384 1527 687 1604 longitudinem
718 1547 794 1589 nou
823 1527 995 1606 porrigitur.
1047 1525 1136 1589 Quod
1165 1546 1231 1587 oum

201 1633 266 1709 ipse
282 1631 402 1704 sentiat,
425 1630 579 1690 contendit
593 1629 694 1690 verbis
709 1633 740 1688 in
756 1631 962 1707 longitudinem
977 1649 1062 1708 quom
1077 1632 1232 1689 rssces'mum

201 1735 234 1794 id
256 1753 375 1812 quoque
397 1738 547 1792 auctorem
569 1733 737 1809 significare
759 1733 891 1810 potuisse
914 1733 1006 1793 aciem
1019 1752 1090 1793 ‘esse
1106 1738 1232 1792 extenu-

203 1842 280 1896 atam
313 1840 379 1897 octo
411 1834 564 1896 ordinibus
586 1839 623 1895 ad
645 1856 699 1897 sex
721 1837 858 1897 redactis.
902 1837 960 1896 Sed
983 1855 1081 1916 nequo
1104 1836 1233 1913 scriptor

203 1941 363 2021 quidquam
387 1938 533 2002 eiusmodi
555 1939 630 2000 dicit
652 1941 771 2001 ethaeo
785 1939 860 2000 aciei
875 1939 1010 2013 mutatio,
1033 1945 1137 2016 utpote
1153 1938 1233 1999 diffi-

102 2084 104 2088 -
202 2044 326 2118 oillima,
366 2063 421 2103 nec
449 2043 483 2103 in
513 2043 625 2104 tirones
654 2045 781 2123 quadrat
810 2063 867 2104 neo
895 2044 928 2103 in
958 2063 1103 2104 summum
1134 2061 1234 2102 rerum

202 2147 363 2208 discrimen
386 2146 452 2224 (cir.
477 2151 525 2221 16,
540 2145 584 2222 4).
618 2148 725 2226 Itaque
748 2145 915 2208 cohortium
937 2138 1132 2209 conversione
1156 2145 1235 2205 acies

204 2251 237 2310 in
259 2249 479 2325 longitudinem
501 2248 616 2326 porrigi
638 2268 698 2309 non
719 2249 828 2326 potuit.
865 2250 922 2309 Sed
944 2267 991 2308 res
1012 2248 1057 2308 ita
1079 2250 1233 2308 sehabet:

202 2358 358 2432 postquam
381 2352 513 2428 legiones
528 2353 560 2412 in
577 2355 676 2413 orbem
693 2354 862 2429 compulsae
878 2357 956 2425 suut,
979 2371 1039 2411 non
1054 2353 1231 2426 cohortium,

202 2461 235 2514 ut
249 2455 347 2515 voluit
361 2455 418 2529 W„
442 2461 629 2515 evanuerunt
646 2455 813 2530 intervalla,
837 2475 912 2535 quae
927 2455 1046 2515 omnino
1061 2474 1121 2515 nou
1137 2454 1232 2514 fuisse

203 2556 320 2616 Froehl.
344 2557 400 2634 (11,
422 2577 490 2633 pag.
516 2559 695 2637 roo—161)
717 2559 827 2633 docuit,
858 2559 911 2619 sed
932 2557 1052 2618 ordines
1073 2559 1234 2634 compressi

202 2660 252 2719 vel
274 2660 427 2739 deasca'1)
451 2666 544 2721 erant.
581 2662 644 2720 Iam
660 2662 779 2722 Caesari
800 2663 832 2721 id
854 2662 1002 2736 agendum
1024 2665 1097 2735 erat,
1120 2666 1154 2721 ut
1176 2661 1232 2720 hoo

202 2762 397 2824 intervalium
428 2765 508 2843 quod
537 2768 602 2824 erat
622 2763 705 2825 inter
726 2765 858 2840 singulos
880 2764 990 2824 milites
1011 2763 1097 2824 iuxta
1118 2762 1232 2840 positos

202 2866 427 2928 restitueretur:
456 2867 558 2946 itaque
585 2867 670 2928 iubet
692 2870 780 2927 acrem
803 2870 835 2926 in
858 2869 880 2926 l.
904 2885 988 2946 quum
1001 2869 1091 2926 max.
1113 2869 1235 2944 porrigi

201 2969 221 3030 i.
238 2989 263 3030 e.
285 2970 527 3049 manipulos,
550 2976 695 3050 quantum
710 2971 775 3030 tisri
791 2971 894 3047 possit,
917 2969 1061 3030 laxari.-
1095 2970 1147 3030 cfr.
1163 2970 1232 3029 bell.

203 3074 279 3135 Gall.
300 3074 343 3149 11,
367 3079 451 3150 25,ss
476 3076 581 3134 milites
605 3074 767 3151 manipulos
790 3075 895 3132 iurare
915 3076 1011 3145 iussit,
1036 3093 1091 3151 quo
1104 3072 1233 3152 facilius

200 3177 311 3254 gladiis
327 3180 371 3235 uti
379 3186 507 3255 possent.
542 3177 659 3236 Deinde
674 3176 822 3256 reliquum
837 3182 909 3251 erat,
932 3181 967 3238 ut
982 3196 1090 3238 oorona
1102 3175 1232 3236 hostium

203 3278 404 3338 divideretur:
438 3279 540 3357 itaque
573 3279 658 3340 iubet
688 3280 818 3340 alternas
849 3279 984 3340 converti
1017 3280 1167 3353 cohortes,
1198 3282 1234 3338 ut

203 3381 317 3458 duplex
344 3380 456 3440 existat
477 3380 555 3440 acies
584 3381 656 3460 (qua
677 3382 727 3442 via
748 3384 805 3442 hoo
826 3383 937 3442 factum
960 3387 1047 3457 esset
1076 3388 1158 3442 recte
1181 3400 1233 3440 ex·

203 3484 304 3562 posuit
335 3483 462 3563 Stoffel).
511 3485 620 3564 Itaque
650 3486 756 3564 copula
784 3496 813 3544 et
841 3485 998 3562 coniungit
1026 3487 1121 3548 verba
1148 3485 1235 3543 finita

203 3587 282 3648 iudet
302 3622 344 3631 -
367 3593 399 3647 et
413 3622 453 3631 —
470 3588 574 3647 dissilit
587 3623 630 3632 -
644 3594 734 3669 atque
757 3589 867 3649 artiore
888 3589 1008 3650 vinculo
1031 3589 1234 3651 connectenda

203 3697 274 3753 sunt
294 3693 387 3753 verba
409 3690 532 3750 alternis
554 3695 700 3752 conversis
721 3690 886 3752 cohortibus
907 3725 950 3737 -
971 3695 1013 3751 itu
1036 3711 1172 3752 coronam
1191 3724 1234 3735 -

274 3931 299 3997 1)
323 3932 423 3981 Froehl.
447 3932 485 3991 11,
512 3945 570 3992 pag.
591 3932 655 3979 uo:
680 3931 720 3978 ror
746 3931 791 3980 das
818 3932 948 3992 Auigebon
975 3933 1018 3981 dos
1044 3933 1234 3981 Rottenab·

205 4018 349 4066 standes
372 4018 457 4065 finden
482 4017 528 4065 wir
551 4016 688 4078 gebraucht
710 4017 808 4066 ordines
826 4019 979 4080 comprimere
997 4019 1107 4067 oder-
1123 4019 1232 4068 ciccscure⁸
