2872 4778
597 255 833 324 ,104-

285 439 335 507 35,
362 438 375 491 l
413 433 518 508 Quibus
549 431 635 490 rebus
666 432 767 506 Scipio
802 431 904 508 quique
936 448 1000 487 oum
1032 448 1064 486 eo
1096 427 1231 506 esseno1)

199 535 344 618 [comites]
369 538 475 593 moturi
495 544 523 592 et
544 536 703 613 roquirere.

285 639 332 699 W.
363 637 527 698 indicativo
557 646 642 696 eruat
669 635 879 696 seeundumL
907 636 1032 712 probato
1055 634 1232 712 Kreyssigio

199 748 319 802 auotore
342 743 458 800 comites
480 739 611 800 seclusit.
648 739 708 799 Sed
729 738 850 798 omnino
872 737 1018 814 oxplioari
1039 756 1100 796 non
1123 739 1232 815 potest,

200 865 252 905 our
281 843 476 922 interpolator
505 844 562 902 hoo
584 842 762 904 vooabulum
784 841 943 914 addiderit,
974 840 1025 920 qui
1048 839 1081 899 in
1103 840 1170 900 looo
1193 839 1232 898 si-

199 947 325 1009 millimo
357 947 405 1020 57,
434 952 447 1004 l
480 947 557 1024 quod
581 955 732 1024 postquam
756 947 854 1022 Scipio
880 947 982 1024 qua'que
1004 963 1068 1002 oum
1091 964 1124 1002 eo
1146 952 1232 1001 erute!

200 1060 396 1128 coguoverunt
431 1051 467 1109 ab
505 1049 586 1109 omni
622 1047 856 1127 interpolatione
888 1067 1008 1107 manum
1041 1045 1231 1106 abstinuerit

200 1152 318 1214 Deinde
348 1157 446 1212 autem
476 1154 568 1212 verba
597 1154 700 1231 quique
730 1170 792 1210 oum
815 1172 848 1210 eo
871 1161 955 1210 erum
976 1149 1084 1210 referri
1107 1154 1233 1226 possunt

202 1257 240 1317 nd
268 1262 364 1316 totum
387 1255 551 1315 exereitum
574 1254 640 1333 (eir.
665 1259 714 1328 86,
740 1259 753 1313 1
779 1256 809 1314 si
825 1262 925 1332 posset
945 1253 1104 1330 Vergilium
1129 1255 1233 1331 quique

201 1379 264 1418 oum
293 1379 327 1418 eo
353 1357 560 1417 obsidebuntur
582 1392 624 1403 —
647 1377 665 1415 o
688 1361 852 1436 pertinacia
877 1357 1001 1436 deducu).
1045 1357 1111 1416 Hoo
1135 1360 1232 1415 autem

203 1464 268 1523 looo
301 1462 382 1522 solus
414 1461 552 1538 Scipio
587 1466 617 1522 et
652 1463 796 1521 oohors
827 1459 1042 1521 amioorum
1073 1463 1234 1518 moventur

202 1564 347 1641 singulari
362 1564 494 1624 Caesaris
515 1564 647 1624 bollandi
668 1563 792 1624 ratione.
827 1563 973 1643 Reliquus
989 1561 1140 1622 exereitus
1156 1564 1232 1622 bono

202 1667 261 1728 fuit
292 1667 389 1727 animo
418 1667 450 1726 in
483 1666 720 1727 adversariorum
752 1686 827 1746 quae
850 1665 1008 1728 videbatur
1031 1664 1233 1741 trepidatione

203 1775 234 1830 et
263 1770 470 1847 desperatione
502 1770 566 1848 (oft.
591 1776 640 1843 32,
666 1770 706 1848 1).
752 1769 941 1846 Quapropter
972 1789 1134 1846 pronomen
1158 1769 1234 1829 rela-

203 1872 299 1932 tivum
321 1872 421 1933 addito
444 1872 585 1933 comitum
606 1874 752 1933 vocabulo
775 1880 889 1933 ooeroet
910 1872 971 1932 vim
995 1871 1169 1949 praedicati,
1192 1871 1236 1930 ita

204 1980 238 2034 ut
260 1974 469 2035 ooniunotivus
492 1974 648 2056 arohotypi
670 1975 776 2055 utique
799 1976 839 2035 sit
861 1974 1097 2054 neeessariusl).

292 2084 342 2153 86,
373 2083 387 2138 1
421 2081 465 2138 M.
500 2080 571 2137 Coto
602 2081 653 2157 qui
686 2080 783 2138 Uticae
809 2088 951 2156 praeerat
978 2079 1101 2136 dilectus
1129 2079 1236 2136 cotidie

207 2181 420 2254 libertinorum,
457 2180 641 2264 [Afrorum]
671 2201 818 2241 servorum
852 2183 971 2259 denique
1004 2178 1062 2262 [et]
1097 2184 1235 2259 cuiusque

206 2286 285 2344 modi
307 2288 424 2362 generis
454 2286 597 2345 hominum
626 2288 678 2365 qui
706 2285 786 2343 modo
814 2304 871 2361 per
900 2293 1019 2343 oetatem
1042 2302 1126 2342 ormo
1146 2283 1236 2356 serre

203 2387 440 2466 poteront³)
462 2388 575 2449 ludere.

294 2490 445 2567 ‘Afrorum
468 2510 575 2550 nomen
598 2493 655 2551 hoo
677 2492 740 2551 solo
761 2492 826 2552 looo
848 2510 1002 2552 ooourrore
1024 2510 1122 2571 neque
1140 2488 1235 2566 signi-

207 2593 296 2653 fioare
329 2595 468 2671 quartum
500 2594 646 2672 quoddam
679 2614 806 2668 genus
837 2595 1007 2668 hominnm,
1045 2615 1110 2654 oum
1143 2593 1235 2654 etium

208 2693 365 2755 libertinos
387 2715 549 2775 servosque
572 2697 661 2756 Afros
684 2697 775 2757 inisse
798 2700 986 2759 statuendum
1010 2695 1076 2758 sit':
1099 2698 1148 2757 W.
1194 2700 1236 2756 At

209 2798 240 2857 in
271 2797 493 2858 conseribendis
521 2798 668 2860 militibus
697 2800 808 2860 nullius
834 2801 955 2861 omnino
979 2799 1069 2860 fuisse
1092 2800 1235 2859 momenti

209 2907 340 2977 oonstat,
372 2901 456 2963 ouius
486 2903 599 2963 fuerint
628 2903 741 2964 tirones
771 2904 997 2980 legionarii
1030 2903 1172 2978 originis:
1203 2903 1235 2962 id

210 3004 375 3086 quaesitum
406 3010 461 3079 ost,
495 3005 647 3067 fuerintne
677 3006 789 3067 aives
819 3007 984 3067 Romani
1016 3027 1055 3066 an
1082 3025 1152 3066 non.
1197 3008 1236 3065 Et

209 3129 325 3186 semper
347 3108 525 3169 adversariis
541 3109 675 3170 (lassaris
697 3110 773 3171 vitio
796 3112 1017 3185 obvertebatur,
1041 3110 1121 3188 quod
1141 3108 1236 3184 legio·

209 3212 308 3272 narios
339 3211 585 3290 oonsoripsissent
616 3213 859 3274 vernaculos
887 3232 947 3272 non
976 3212 1057 3272 oives
1086 3213 1235 3271 Romanos

210 3313 292 3392 (bell.
321 3313 378 3374 oiv.
402 3315 444 3388 ΙΙ,
477 3319 524 3390 18,
550 3321 584 3387 1,
616 3335 684 3393 opp.
707 3317 750 3391 H,
782 3322 830 3390 20,
854 3320 892 3389 43
922 3315 990 3375 bell.
1014 3315 1101 3375 Alex.
1126 3321 1175 3389 53,
1199 3319 1234 3385 5,

280 3517 305 3583 1)
322 3527 392 3568 mont
409 3520 430 3567 L
448 3535 497 3568 roo.
516 3521 557 3570 W.

279 3606 305 3667 2)
328 3606 383 3654 Hoo
408 3608 462 3654 loeo
487 3607 618 3655 infeliciter
642 3610 711 3656 nisus
728 3610 768 3657 W.
793 3609 885 3657 delevit
907 3608 972 3656 idom
989 3608 1142 3656 vocabulum
1160 3609 1235 3669 93,2

210 3707 277 3752 quem
290 3693 389 3742 θαάιιὶί
405 3690 455 3759 [oui
467 3691 572 3760 cometes]
588 3721 622 3730 -
636 3695 770 3742 concidant.
799 3694 853 3754 Quo
872 3709 927 3744 eum
945 3695 1115 3743 discernantur
1128 3693 1237 3753 Gaetuli,

210 3780 311 3828 comites
328 3779 448 3839 Considii,
476 3780 622 3828 aGoetulis
643 3780 789 3842 latronibus,
815 3782 857 3844 qni
875 3781 1016 3830 Numidiam
1034 3780 1166 3842 vexabant,
1193 3781 1236 3832 vix

210 3878 294 3912 oerore
311 3879 450 3925 possumus.

280 3947 306 4015 8)
323 3965 347 3998 v.
368 3951 419 4002 Cio.
437 3966 482 4016 pro
499 3953 576 4002 Mure.
596 3954 627 4002 ³2
646 3967 692 4014 pro
709 3952 792 4002 Deiot
811 3955 852 4004 16.
