2872 4778
607 382 757 451 -.127
800 422 842 438 -

294 562 344 630 96,
368 562 386 616 2
418 576 435 614 a
459 576 515 635 quo
545 558 651 635 (classe
679 559 760 637 Sitii)
787 562 928 638 pauciora
956 559 1008 640 [ab
1035 559 1236 639 ump'b'orr‘bus]

208 662 400 718 circumuento
423 664 544 738 cisurgio
567 663 774 739 deprimuntur.

294 763 375 821 ‘Cum
399 768 536 838 ageretur
558 784 618 823 non
641 767 677 824 de
699 765 906 840 magnitudine
926 769 976 825 sed
994 768 1030 826 de
1046 767 1236 826 multitudine

207 866 344 938 navium,
378 865 467 926 scribi
502 867 604 927 debuit
634 869 804 944 oplrrcr'bus
833 870 960 948 ideoque
990 869 1026 927 ub
1049 871 1235 947 amplioribus

208 970 366 1028 delendum
393 966 463 1029 est':
493 969 534 1029 sio
557 971 604 1032 W.
651 975 692 1030 At
714 977 744 1031 et
766 973 946 1032 adieetivnm
969 974 1078 1050 oruplus
1092 973 1233 1043 ‚adhiberi

208 1092 293 1146 posse
316 1074 353 1130 ad
374 1072 597 1132 multitudinem
621 1073 843 1148 significandam
867 1076 1004 1151 exempla
1026 1077 1132 1134 docent
1152 1077 1235 1136 velut

208 1175 266 1233 eie.
290 1176 374 1235 Verr.
398 1177 441 1248 ΙΙ,
467 1180 525 1234 124
557 1196 689 1234 sicomorus
713 1179 839 1254 scriplum
874 1179 952 1238 Phii.
977 1180 1017 1251 ΙΙ,
1041 1185 1081 1236 40
1111 1180 1233 1255 euplius

205 1281 365 1335 sestcrur'um
389 1279 542 1336 ducenties.
590 1279 712 1339 Accedit
735 1281 813 1358 quod
835 1282 891 1339 hoo
913 1281 976 1341 loco
998 1281 1084 1340 iuxta
1105 1281 1234 1359 positum

207 1385 251 1438 est
266 1381 445 1441 adiectivum
462 1383 615 1459 porres‘oru,
637 1390 672 1442 ut
687 1403 744 1461 qua
760 1383 977 1458 significatione
993 1385 1133 1461 ampliora
1149 1405 1235 1445 usur·

206 1489 307 1561 patum
330 1484 369 1544 sit
391 1486 490 1544 statim
513 1491 663 1563 appareat.
1060 1484 1062 1488 ’

288 1967 354 2025 Iam
377 1967 413 2024 ad
436 1965 647 2042 disputationis
669 1967 758 2026 finem
782 1967 981 2042 pervenimus.
1022 1967 1093 2026 Cum
1109 1968 1232 2030 Woelff-

202 2068 258 2128 lini
274 2067 459 2143 sententiam,
479 2089 537 2147 qua
553 2069 793 2128 commentarium
811 2070 1094 2147 interpolationibus
1106 2071 1232 2146 pessime

202 2175 353 2231 turbatum
369 2191 433 2230 esee
449 2173 649 2244 contenderat,
665 2175 701 2232 ab
718 2173 797 2231 omni
811 2179 897 2248 parte
911 2174 1016 2232 falsam
1031 2193 1094 2232 esee
1111 2175 1232 2232 demon-

203 2281 327 2334 stratum
343 2275 390 2347 sit,
406 2275 485 2354 quod
500 2275 627 2351 amplius
642 2276 747 2334 addam
759 2282 862 2335 contra
873 2275 1033 2351 Landgrafi
1044 2275 1230 2347 sententiam,

203 2397 263 2436 non
278 2379 382 2437 babeo.
418 2379 454 2436 Io
476 2383 570 2437 restat
585 2384 618 2437 ut
633 2377 744 2452 gratius
760 2399 844 2453 agam
862 2399 949 2457 qnam
965 2378 1106 2437 maximas
1120 2378 1229 2438 adolfo

202 2479 363 2555 Kiessling,
393 2481 583 2558 praeceptori
606 2480 828 2555 humanissimo,
858 2482 910 2561 qni
933 2488 966 2541 ut
987 2501 1103 2557 semper
1125 2480 1232 2539 studiis

201 2583 276 2640 meis
298 2583 427 2658 benigne
450 2585 533 2657 favit,
556 2583 599 2642 ita
621 2583 708 2642 huius
732 2583 948 2644 dissertationis
970 2604 1035 2645 cum
1051 2594 1153 2644 auctor
1168 2588 1231 2643 tum

200 2685 338 2761 inprimis
362 2688 421 2743 dux
445 2686 503 2745 fuit
525 2686 739 2760 sagacissimus.

390 4092 556 4134 Frommanoscbe
569 4093 725 4136 Buebdrnctrerei
738 4094 845 4148 (Hermann
858 4093 928 4146 Pohle)
941 4095 962 4135 tn
975 4094 1031 4137 Jenr.
