2872 4778
610 324 822 388 2634

199 483 252 553 eir.
276 496 326 567 36,
350 498 367 551 3
395 496 513 570 gratias
535 496 596 570 egit
618 529 659 539 —
681 497 758 554 deicit
780 530 822 542 -
844 495 939 572 rubet3
972 500 1021 570 38,
1045 500 1062 552 2
1093 492 1233 554 attribuit

199 630 240 641 -
263 594 351 655 tubat.

283 769 349 827 Iam
378 767 567 827 conficiemus
596 788 755 828 summam:
788 768 1029 829 examinantibus
1059 767 1145 829 nobie
1174 770 1230 828 has

192 891 324 950 ,quarum
355 871 379 928 L
409 871 490 931 solus
521 876 567 932 aet
599 871 685 931 tastis
718 872 879 949 scripturas
901 892 1015 931 summa
1037 870 1177 947 apparuit
1198 871 1232 929 in

199 974 355 1034 servandis
391 973 547 1053 archetypi
583 973 763 1035 lectionibus
800 974 933 1034 socordia
966 980 997 1034 et
1029 974 1229 1050 neglegentia.

201 1075 284 1139 Quae
313 1077 393 1136 untle
423 1077 540 1136 venerit
570 1077 595 1136 si
626 1078 789 1155 quaeritur,
821 1077 975 1136 librarium
1004 1076 1114 1136 codicis
1136 1081 1230 1135 statu-

201 1181 308 1238 endum
340 1185 386 1239 est
415 1179 536 1253 hugues
564 1181 675 1239 latinae
697 1180 819 1238 minima
841 1181 976 1255 ignarum
998 1179 1108 1241 leviter
1129 1178 1230 1240 verbis

200 1280 379 1357 exemplaris
406 1281 453 1340 sui
483 1281 661 1341 examinatis
683 1265 771 1341 *sicut
799 1301 834 1340 ea
863 1281 1004 1341 memoria
1029 1281 1128 1340 tenuit
1148 1286 1230 1340 tran·

200 1382 371 1462 scripsisse,
403 1383 446 1444 itu
477 1390 511 1444 ut
539 1385 612 1445 locis
643 1385 730 1459 longa
762 1383 898 1460 plurimis
921 1383 1087 1459 coniciandi
1109 1383 1230 1443 libidini

199 1487 365 1559 indulserit,
397 1486 549 1546 nonnullis
579 1487 735 1564 archetypi
767 1486 902 1547 Orclt
931 1487 1114 1563 corruptelas
1141 1505 1230 1545 manu

200 1589 283 1650 ielioi
298 1589 518 1650 emendaverit:
538 1589 586 1648 his
601 1590 693 1665 igitur
707 1590 781 1649 locis
796 1589 927 1649 codicem
942 1609 1103 1669 sequemur
1117 1590 1230 1662 ducam,
1290 1660 1294 1668 .

199 1698 357 1770 postquam
386 1692 620 1751 demonstratum
649 1701 694 1751 ost
725 1693 880 1768 archetypi
911 1691 936 1750 Ο
967 1691 1143 1769 scripturam
1168 1711 1231 1750 cor-

200 1797 319 1869 ruptam
332 1794 430 1853 looum
445 1798 547 1853 tenere
563 1813 622 1853 non
634 1814 731 1869 posse.
753 1795 830 1853 Sunt
842 1800 942 1854 autem
953 1795 1011 1854 loci
1022 1794 1229 1872 aequentes¹):

286 1901 316 1971 3,
341 1901 354 1955 l
387 1895 501 1955 hlautis
530 1895 752 1975 (preliante),
783 1897 916 1976 equitum
941 1896 1092 1977 (equitas).
1140 1901 1228 1970 10,3

200 1997 307 2059 auxilii
323 1997 503 2081 (auxilium).
542 2003 592 2073 21,
609 2005 627 2057 3
651 2001 836 2074 vagabantur
859 2000 1053 2078 (vacabantur
1069 2001 1110 2077 a).
1144 2006 1194 2072 22,
1212 2005 1228 2056 5

199 2101 397 2177 efflagitatum
427 2120 489 2159 aum
511 2103 543 2160 A
574 2101 617 2178 (ot
639 2101 829 2180 flagitatum).
874 2108 924 2177 26,
949 2106 965 2160 5
997 2101 1095 2178 abripi
1123 2102 1171 2161 his
1199 2123 1231 2161 se

200 2205 380 2290 (abripuisse
402 2203 443 2282 u).
489 2205 579 2279 31,7
612 2225 687 2284 quae
709 2207 746 2265 ad
768 2205 819 2282 (ad
839 2203 876 2281 l).
922 2210 971 2279 33,
999 2210 1012 2262 1
1045 2210 1080 2264 ut
1100 2204 1159 2265 sibi
1182 2203 1230 2282 (ut

199 2308 225 2368 ui
249 2306 289 2385 a),
312 2308 356 2367 ais
379 2308 442 2386 (ei).
481 2312 566 2382 34,4
590 2308 739 2368 onerarias
766 2311 915 2386 (oneratas
933 2308 974 2386 a).
1011 2313 1060 2380 34,
1077 2308 1228 2373 6,sollici·

198 2409 333 2471 tudinem
364 2428 426 2468 oum
450 2412 481 2467 A
508 2409 744 2489 (sollicitudine).
798 2416 889 2485 36,4
922 2411 1064 2490 inquiunt
1094 2410 1228 2490 (inquit),

198 2513 231 2571 in
255 2519 307 2570 tua
328 2511 478 2588 praesidia
499 2511 544 2589 (in
567 2516 677 2591 tuaque
700 2513 848 2590 praesidia
855 2535 863 2585 3
886 2534 954 2572 nam
977 2515 1030 2572 cir.
1052 2515 1090 2572 ad
1113 2519 1164 2586 26,
1187 2514 1228 2590 3).

203 2619 252 2688 36,
277 2619 294 2671 4
327 2613 438 2673 montis
471 2613 621 2691 (montes).
674 2621 723 2690 38,
747 2622 765 2673 2
800 2617 887 2675 docui
920 2636 984 2676 cese
1015 2616 1164 2695 (docuisse
1187 2617 1228 2693 a).

202 2717 252 2792 47,
279 2722 292 2776 l
317 2715 398 2776 idem
420 2716 487 2796 (id).
525 2718 576 2791 47,
600 2723 619 2776 6
642 2718 795 2796 pertinent
817 2719 962 2798 (partim).
1000 2724 1085 2793 48,1
1110 2720 1148 2787 ad
1170 2726 1229 2778 ter·

202 2839 298 2880 rorem
313 2819 360 2899 (ao
375 2820 510 2898 terrore).
535 2825 584 2894 48,
598 2826 617 2880 4
632 2820 816 2882 intellectum
832 2822 986 2900 (inlectam
1002 2844 1030 2896 a,
1044 2822 1171 2881 inlatum
1187 2820 1228 2900 β).

204 2927 253 2998 51,
277 2928 294 2983 5
329 2923 373 2985 ibi
405 2923 461 3002 (ibi
490 2924 649 3001 nonnulli).
701 2928 750 2998 64,
774 2931 792 2984 4
826 2931 856 2985 te
888 2945 1026 2986 removeo
1055 2926 1230 3005 (removeo).

204 3033 288 3101 60,2
310 3031 427 3103 partem
449 3027 569 3106 (parta).
607 3032 692 3100 60,3
716 3028 869 3089 sinistrum
891 3024 998 3111 (suum)
1021 3048 1114 3089 cornu
1129 3028 1227 3106 (pron.

199 3149 279 3206 poss.
297 3149 383 3189 anum
398 3130 540 3189 librarius
555 3133 663 3189 omr'sit.
681 3149 746 3189 nam
762 3132 872 3210 reliqui
884 3131 997 3191 sinistri
1022 3132 1084 3192 sui
1106 3151 1230 3202 cornus3

204 3232 258 3290 cfr.
281 3251 347 3309 pag.
372 3237 411 3291 30
435 3234 503 3292 adn.
528 3232 569 3310 3).
615 3238 665 3307 66,
689 3239 707 3291 3
730 3235 834 3293 deleuit
855 3234 923 3294 iam.
965 3235 1015 3309 70,
1039 3239 1057 3292 4
1081 3255 1146 3294 cum
1169 3235 1229 3314 (si).

204 3337 254 3407 93,
278 3338 296 3392 3
325 3333 391 3410 ipsa
414 3335 525 3413 (quae).
571 3336 620 3408 97,
648 3341 660 3395 1
687 3337 816 3411 erogatis
838 3337 981 3420 (togatis).

288 3435 459 3514 Scripturas
489 3437 639 3517 reliquae,
670 3459 794 3519 quarum
824 3440 848 3498 L
878 3442 958 3500 eolus
980 3445 1027 3501 aet
1047 3440 1149 3515 testis,
1179 3447 1230 3500 aut

204 3537 412 3615 neglegentiae
443 3545 496 3600 aut
525 3540 766 3618 interpolationis
794 3529 962 3621 suspicione
991 3549 1167 3621 premuntur
1194 3546 1231 3603 ad

203 3661 292 3702 unam
316 3661 426 3705 omnes.

274 3812 299 3878 l)
319 3813 411 3865 Orniaci
437 3819 494 3864 aunt
520 3815 552 3877 ei,
578 3829 682 3876 quornm
707 3816 746 3864 via
773 3817 855 3878 posita
873 3822 910 3865 ast
927 3817 953 3865 in
971 3817 1007 3866 rei
1025 3818 1232 3881 orthographicac

203 3899 350 3960 quisquiliis.

616 4058 819 4068 ——nn—
