2872 4778
596 361 833 430 ..107-

289 542 378 612 54,4
410 537 445 595 ob
474 556 524 596 eos
552 557 600 597 res
631 539 806 615 ignominiae
836 557 925 597 conso
955 538 992 596 ob
1020 541 1150 597 exercitu
1172 558 1232 599 rneo

201 636 251 724 (tc)
273 660 402 699 remoneo
424 641 562 719 hodieque
585 650 611 699 te
633 661 671 700 ee
684 641 792 720 Africo
816 642 914 700 obesse
938 639 995 721 [et]
1017 651 1153 720 quonium
1166 652 1234 720 pote

201 741 387 825 [prfficeircr]
411 742 503 802 iubeo.

289 847 337 907 W.
359 846 495 910 voculam
517 856 545 905 et
568 851 599 907 et
620 849 744 908 verbnm
760 846 969 924 proficiscendi
984 846 1097 908 delevit
1111 852 1235 925 propter

203 970 237 1009 ea
269 969 344 1029 quae
374 949 390 1027 ς
415 954 432 1009 b
464 955 644 1030 sequuntur:
673 953 828 1028 missosque
850 949 937 1029 focio
960 960 989 1008 et
1009 961 1145 1030 quantum
1165 961 1235 1029 pote

204 1053 302 1112 obesse
331 1074 368 1111 en
398 1053 506 1132 Africo
538 1052 630 1112 rubeo.
676 1052 734 1113 Sed
764 1052 902 1132 iniquum
933 1057 978 1112 est
1006 1053 1170 1130 postulare,
1201 1059 1235 1114 ut

205 1158 325 1217 eaedem
357 1155 523 1215 sententies
554 1155 660 1216 iisdem
693 1157 898 1233 exprimentur
920 1156 1023 1218 verbis
1043 1156 1182 1234 inprimis
1202 1157 1235 1216 in

203 1258 392 1335 imperatoris
424 1258 568 1332 cretione,
598 1257 651 1318 ubi
681 1258 810 1335 scriptor
836 1279 901 1319 oum
924 1259 1044 1337 copioso
1067 1266 1130 1320 tum
1151 1260 1235 1320 vetio

204 1362 322 1421 dicendi
358 1363 460 1438 generi
496 1382 631 1436 magnam
664 1362 788 1422 navavit
821 1381 940 1438 operam
973 1362 1072 1440 (velut
1105 1361 1236 1423 variavit

204 1465 370 1525 orationem
400 1465 432 1524 in
462 1465 563 1525 verbis
592 1465 823 1525 removendi
853 1500 896 1512 —
924 1463 1164 1524 dimittendi
1194 1499 1234 1508 -

204 1568 364 1628 missum
393 1568 595 1640 leniendi3
627 1569 680 1628 cfr.
704 1569 792 1628 etiem
815 1566 966 1628 brienum
989 1565 1049 1627 diei
1077 1567 1236 1628 milites

204 1672 445 1747 instigass03
477 1671 635 1732 Fonteium
658 1691 721 1731 esse
745 1671 950 1730 tribunum
974 1669 1237 1744 seditiosum

204 1773 402 1854 reliquosin
435 1774 640 1834 seditione
669 1774 1007 1853 concitandisque
1030 1772 1236 1833 militibus

204 1878 333 1937 fuisse
362 1876 639 1937 studiosiores
662 1879 747 1956 eqs).
792 1877 850 1937 Sed
871 1877 986 1937 aceedit
1007 1876 1143 1937 tertium:
1173 1876 1238 1936 sine

205 1980 295 2041 dubio
328 1985 361 2040 ut
390 1984 475 2056 petet
504 2000 542 2038 ex
565 1980 697 2040 (laesuris
727 1979 826 2040 verbis
850 1979 984 2039 Avienus
1015 1978 1073 2040 fuit
1104 1978 1236 2038 omnium

205 2082 333 2142 maxime
371 2083 486 2142 noxius.
539 2085 645 2161 ltaque
682 2083 715 2141 in
751 2084 831 2142 huno
868 2080 1074 2156 gravissimum
1110 2080 1237 2157 proponi

204 2186 349 2245 iudicium
376 2206 504 2264 aequum
537 2191 599 2246 est:
633 2205 722 2264 quem
753 2183 907 2245 celerrime
937 2183 1086 2261 proficisci
1117 2184 1168 2263 (so.
1199 2205 1238 2243 ex

206 2288 321 2367 cestris)
350 2290 515 2367 eodemque
544 2289 609 2364 ipso
639 2289 688 2347 die
716 2287 820 2349 Africa
852 2288 954 2347 cedere
983 2287 1112 2361 iubetur,
1144 2285 1235 2365 idque

205 2391 387 2467 ignominiae
418 2412 531 2452 causac.
583 2391 704 2470 Reliqui
737 2397 796 2451 tem
831 2390 915 2466 gravi
949 2409 1045 2466 poene
1078 2409 1138 2448 non
1167 2395 1237 2449 sunt

206 2495 307 2570 digni:
329 2495 473 2555 Fonteius
496 2493 672 2570 simpliciter
695 2496 731 2554 nb
755 2494 888 2553 exercitu
910 2492 1079 2553 dimittitur.
1116 2492 1236 2572 Reliqui

206 2598 349 2657 iubentur
371 2618 457 2676 quum
480 2596 635 2658 celerrime
657 2597 791 2657 Africam
813 2597 994 2677 relinquere.

293 2705 343 2774 54,
367 2705 383 2760 5
411 2702 473 2758 Tite
488 2702 606 2759 Saliene
627 2733 670 2745 —
693 2702 726 2758 C.
745 2700 879 2759 Clusinos
901 2719 964 2758 curn
987 2700 1101 2758 ordines
1124 2702 1153 2758 in
1177 2719 1236 2758 nreo

206 2806 336 2863 exercitu
359 2803 494 2880 beneficio
516 2824 572 2861 non
596 2805 700 2861 uirtute
722 2801 819 2882 [sitis]
842 2805 990 2861 consecuti
1009 2805 1050 2860 ito
1071 2822 1120 2860 nos
1139 2822 1236 2877 gesse·

207 2911 285 2979 rins,
320 2917 352 2965 ut
377 2926 467 2985 neque
493 2905 565 2964 betto
584 2906 685 2983 sortes
707 2925 796 2982 neque
815 2922 889 2981 poce
918 2937 960 2948 --
991 2903 1077 2962 utiles
1098 2903 1234 2983 fueritis,

208 3012 340 3088 indignos
364 3028 413 3067 nos
435 3028 495 3067 esse
517 3010 647 3068 arbitror
672 3042 719 3064 -.

294 3111 509 3175 Coniunctivus
531 3115 605 3184 sitis,
633 3132 722 3191 quem
744 3130 845 3171 omnes
868 3109 967 3170 delere
987 3109 1084 3169 solent
1098 3107 1237 3181 editores,

209 3217 361 3294 aptissime
383 3236 415 3277 se
438 3217 537 3289 hebet,
559 3217 645 3276 modo
669 3215 745 3275 alter
767 3213 975 3274 coniunctivus
993 3214 1144 3289 gesseritis
1158 3212 1237 3272 indi·

208 3321 305 3383 oetivo
328 3323 474 3380 mutetur:
507 3339 570 3377 curn
599 3352 642 3364 -
671 3321 735 3377 sitis
763 3319 919 3388 consecuti,
953 3319 994 3375 ito
1017 3319 1233 3392 congessistis,

209 3433 241 3481 nt
268 3455 311 3467 —
337 3423 456 3501 fueritis
478 3424 683 3480 studiosiores:
718 3423 853 3498 endrgnos
875 3441 924 3480 cos
946 3439 1009 3478 esse
1031 3418 1160 3478 arbitror
1182 3453 1235 3477 -.

208 3528 297 3586 Petet
327 3532 439 3606 quanto
469 3525 511 3585 sio
541 3526 594 3585 fiet
624 3503 720 3586 brutio
750 3525 914 3586 nervosior.
958 3523 1054 3583 Simul
1083 3523 1238 3584 varietatis

208 3628 306 3690 studio
329 3629 445 3690 satisfit.

297 3736 346 3806 54,
369 3738 387 3790 6
417 3733 518 3810 Itaque
547 3733 640 3791 tradit
668 3751 716 3790 eos
745 3729 958 3791 centurionibus
987 3739 1016 3787 et
1036 3727 1161 3804 singuiis
1181 3746 1237 3785 non

209 3836 333 3914 amptius
363 3836 494 3913 ungulos
522 3836 637 3895 ndditos
660 3854 757 3894 seruos
779 3836 808 3892 in
831 3851 930 3891 nonem
954 3832 1134 3910 n'rnponendos
1156 3849 1238 3908 sepo·

209 3941 298 3997 ratim
320 3940 445 3998 curauit.

296 4041 402 4103 Mirum
432 4041 521 4102 huius
550 4040 700 4101 enuntiati
729 4044 907 4101 structuram
939 4038 1097 4099 emendare
1125 4036 1241 4099 studuit
