2932 4784
623 383 839 450 ..94-

304 566 353 635 22,
378 566 395 619 ὁ
432 561 472 619 l'a
499 570 602 619 eontra
632 568 660 619 et
680 564 777 638 patris
797 559 950 619 nobilitate
972 555 1016 641 [et
1034 555 1195 641 depilata]
1217 571 1246 618 et

212 684 268 743 per
298 675 326 723 te
347 669 409 744 s'pse
429 668 502 724 satis
523 667 616 724 animi
634 664 833 741 magnitudine
853 665 1062 743 diligentiaque
1079 665 1243 742 praeditas.

301 768 439 826 nobilitas
468 767 506 826 ad
535 766 682 841 originem
713 772 836 844 speetat,
868 768 997 844 ds'gnitas
1024 768 1061 826 ad
1089 767 1190 826 loenm
1211 767 1245 826 in

216 871 339 933 aiu-itate
361 871 451 930 rebus
474 869 567 944 gestis
588 876 741 946 paratum:
764 870 838 930 haee
860 869 955 945 igitur
975 870 1060 930 notio
1074 870 1182 930 summi
1199 877 1245 930 est

215 972 358 1033 momenti
381 978 411 1032 et
432 973 490 1032 hoe
511 972 576 1033 loeo
591 973 721 1032 maxime
736 973 913 1033 necessaria.
946 972 1031 1032 Idem
1046 973 1134 1034 doaet
1148 993 1245 1032 enun-

214 1077 356 1137 tiatorum
389 1074 603 1155 aequabilitas,
637 1095 696 1155 qua
725 1076 815 1135 huius
844 1077 964 1135 initium
993 1096 1049 1155 per
1079 1075 1245 1135 ahisamum

217 1180 380 1259 opponitur
400 1179 510 1257 priori:
540 1179 651 1238 etenim
671 1181 770 1255 patrie
792 1178 930 1238 nobilitas
951 1179 1052 1242 verbis
1074 1198 1164 1256 neque
1186 1188 1244 1237 tan

215 1282 370 1342 eaoellsnti
392 1282 535 1359 dignitate
556 1284 695 1340 maloram
714 1291 803 1358 parta
826 1288 856 1340 et
875 1285 972 1359 patris
992 1282 1121 1358 dignitas
1142 1282 1246 1343 verbis

215 1405 272 1444 non
303 1386 344 1444 ita
373 1385 477 1463 amplis
506 1384 590 1442 rebus
608 1386 708 1462 patris
726 1387 819 1460 gestis
841 1385 991 1446 eontraria
1012 1392 1092 1445 sunt.
1135 1386 1245 1465 Itaque

216 1488 240 1548 si
264 1489 311 1549 W.
342 1507 550 1567 sequeremur,
581 1487 673 1546 verbs
703 1486 809 1546 ultima
838 1491 961 1547 nonita
991 1520 1033 1533 -
1060 1490 1154 1565 gestis
1184 1509 1245 1549 non

216 1592 371 1665 haberent,
404 1590 453 1651 eui
475 1598 575 1650 essent
597 1589 741 1668 opposita,
767 1590 815 1651 vel
838 1592 951 1651 nudum
973 1601 1001 1649 et
1020 1593 1119 1669 patrib
1140 1591 1245 1650 nobili-

218 1704 277 1753 tate
293 1694 330 1755 ad
346 1694 403 1752 duo
420 1698 569 1771 speetaret
583 1692 740 1753 enuntiata
754 1693 951 1772 amplissima:
965 1713 1023 1753 non
1039 1697 1081 1753 ita
1097 1699 1245 1770 -gestis

216 1815 305 1873 neque
328 1804 384 1854 tam
407 1828 449 1841 ·—
469 1806 570 1869 parta.

302 1904 353 1973 2³,
372 1903 386 1958 1
410 1900 599 1976 expediteque
620 1902 751 1959 eaeroita
767 1918 883 1958 numero
900 1896 1059 1980 [servaram
1076 1896 1244 1980 liberorum]

216 2005 300 2062 duam
323 2002 432 2062 milium
455 2036 496 2047 —
520 2003 559 2060 ad
580 2002 712 2079 oppilata
734 2005 879 2061 Ascurum
903 2001 1039 2061 accedere
1060 2005 1162 2080 eoepit.

301 2107 417 2167 Novak.
449 2105 575 2165 fortasse
604 2108 686 2165 reete
718 2105 932 2168 animadvertit
963 2104 1094 2165 ablativo
1127 2125 1245 2164 nanneno

217 2208 429 2272 adverbialiter
459 2213 602 2286 usurpato
633 2207 734 2266 statim
765 2207 1004 2282 subiungendum
1032 2207 1139 2282 fuisse,
1170 2215 1245 2290 quot

218 2313 330 2372 milites
352 2312 488 2372 fuissent.
531 2309 598 2376 Qua
629 2311 666 2370 de
695 2330 784 2371 eausa
806 2312 898 2370 verba
918 2328 1065 2369 savarum
1088 2311 1243 2377 liberorum

219 2436 278 2477 non
301 2416 437 2475 eioienda
459 2420 538 2488 sunt,
561 2414 612 2473 sed
635 2413 783 2473 ablativus
806 2432 922 2472 numero
944 2413 1184 2491 transponendus
1200 2418 1245 2473 est

218 2537 365 2577 servorum
392 2517 546 2576 liberorum
568 2518 654 2574 auom
677 2517 784 2574 milium
808 2535 935 2574 enumero.
982 2516 1030 2577 W.
1052 2521 1152 2576 autem
1174 2535 1244 2576 eou-

219 2621 316 2680 tendit
337 2618 495 2694 genetivus
516 2618 671 2680 adieetiris
686 2622 819 2677 inermen
833 2627 975 2677 armatam
991 2619 1155 2696 &sumptos
1170 2639 1243 2679 esse.

220 2724 278 2783 Sed
305 2743 345 2782 ex
373 2722 421 2781 his
450 2721 606 2782 adieetivis
634 2722 758 2782 minime
785 2728 912 2800 apparet
933 2723 1056 2799 Pompei
1079 2722 1245 2783 exereitum

221 2827 390 2896 eonstitisse
412 2826 522 2903 partim
544 2847 584 2885 ex
604 2825 709 2886 liberis
730 2826 839 2903 partim
863 2845 901 2885 ex
919 2826 1024 2885 servis.
1058 2826 1155 2884 Imma
1170 2826 1245 2884 haee
1333 2895 1335 2899 Α

219 2932 312 2994 verba
338 2929 505 2991 neeessaria
526 2935 604 3002 sunt,
636 2930 661 2988 si
683 2928 803 3009 quidem
826 2934 930 2988 auctor
952 2927 1125 3004 Pompeium
1147 2927 1245 2987 tilium

219 3035 345 3095 irridere
367 3033 497 3094 ridetur.
541 3033 616 3091 Nam
648 3050 826 3112 quamquam
859 3029 926 3090 aliis
954 3029 1028 3090 loeis
1059 3029 1246 3091 deminutiva

219 3144 343 3217 usurpat
373 3136 592 3212 signifieatione
623 3136 745 3215 propria
770 3140 876 3206 exuta,
905 3141 1005 3195 tamen
1027 3135 1085 3193 hoe
1106 3134 1173 3194 loeo
1195 3134 1246 3192 de·

219 3241 368 3302 minutiva
389 3240 608 3311 adulescentuli,
633 3240 831 3299 naoi'euloran
854 3258 914 3298 una
936 3258 1004 3298 eum
1022 3236 1148 3298 notabili
1162 3236 1246 3313 pleo-

221 3363 324 3404 nasmo
346 3345 482 3422 oniasque
497 3343 576 3401 modi
586 3345 704 3418 generis
725 3341 849 3420 propria
870 3340 1019 3402 irrisionis
1040 3341 1072 3403 vi
1086 3358 1246 3418 usurpasse

220 3448 368 3526 putandus
391 3450 444 3519 est,
467 3465 526 3526 quo
550 3465 616 3505 oum
639 3445 736 3505 studio
752 3445 915 3505 ooneinunt
928 3445 1021 3506 verba
1036 3445 1069 3503 in
1085 3441 1246 3503 disorimen

220 3558 334 3614 rosata
370 3550 495 3610 Aoeedit
517 3550 596 3630 quod
618 3550 698 3609 idem
719 3548 752 3607 in
774 3547 968 3628 sequentibus
989 3548 1099 3607 iterum
1121 3547 1247 3622 apparet

220 3657 276 3729 §8
311 3655 356 3713 Ita
388 3673 421 3711 re
451 3654 526 3711 mole
553 3661 637 3728 gesto
662 3652 714 3710 Cn.
739 3650 887 3728 Pompeias
919 3645 1034 3730 [filius]
1064 3664 1151 3708 naues
1181 3646 1247 3704 inde

221 3760 334 3831 auertit,
363 3757 415 3815 ubi
439 3757 486 3818 W.
517 3753 747 3834 appellationem
779 3752 834 3810 filii
858 3752 950 3811 deleri
972 3751 1046 3824 vult,
1078 3769 1146 3810 oum
1160 3748 1247 3808 idem

220 3860 280 3919 iam
304 3866 352 3934 23,
379 3865 391 3917 l
418 3859 530 3918 dietum
552 3858 599 3917 sit.
637 3857 693 3916 Sed
717 3854 895 3916 voeabulum
918 3873 985 3913 aum
1007 3851 1143 3913 aeumine
1165 3851 1247 3928 posi·

221 3970 285 4021 tum
307 3961 439 4021 notabile
460 3961 552 4021 infert
574 3960 773 4021 eontrarium:
803 3956 883 4032 augit
905 3956 985 4015 enim
1008 3976 1074 4016 eum
1098 3954 1150 4037 qui
1170 3954 1248 4031 legit

221 4064 236 4122 l
243 4062 253 4120 i
263 4063 357 4122 lium
381 4065 418 4123 ab
440 4064 536 4138 ignoti
559 4063 712 4122 cuiusdam
727 4060 830 4139 oppidi
845 4060 950 4119 ineolis
965 4059 1096 4138 turpiter
1111 4059 1248 4133 iugatum
