<?xml version="1.0" encoding="UTF-8"?>
<!DOCTYPE html PUBLIC "-//W3C//DTD XHTML 1.0 Transitional//EN"
    "http://www.w3.org/TR/xhtml1/DTD/xhtml1-transitional.dtd">
<html xmlns="http://www.w3.org/1999/xhtml" xml:lang="en" lang="en">
 <head>
  <title>
</title>
<meta http-equiv="Content-Type" content="text/html;charset=utf-8" />
  <meta name='ocr-system' content='tesseract 3.04.00' />
  <meta name='ocr-capabilities' content='ocr_page ocr_carea ocr_par ocr_line ocrx_word'/>
</head>
<body>
  <div class='ocr_page' id='page_1' title='image "./incommentariumd00moelgoog_0051.png"; bbox 0 0 2872 4778; ppageno 0'>
   <div class='ocr_carea' id='block_1_1' title="bbox 705 318 917 392">
    <p class='ocr_par' dir='ltr' id='par_1_1' title="bbox 705 318 917 392">
     <span class='ocr_line' id='line_1_1' title="bbox 705 318 917 392; baseline 0 -18"><span class='ocrx_word' id='word_1_1' title='bbox 705 318 917 392; x_wconf 75' lang='lat'><strong>—46-</strong></span> 
     </span>
    </p>
   </div>
   <div class='ocr_carea' id='block_1_2' title="bbox 293 497 1327 988">
    <p class='ocr_par' dir='ltr' id='par_1_2' title="bbox 293 497 1327 988">
     <span class='ocr_line' id='line_1_2' title="bbox 293 497 1326 580; baseline -0.003 -20"><span class='ocrx_word' id='word_1_2' title='bbox 293 520 447 580; x_wconf 89' lang='lat' dir='ltr'><strong>nunqnam</strong></span> <span class='ocrx_word' id='word_1_3' title='bbox 477 521 546 561; x_wconf 90' lang='lat' dir='ltr'><strong>casu</strong></span> <span class='ocrx_word' id='word_1_4' title='bbox 576 503 761 573; x_wconf 81' lang='lat' dir='ltr'><strong>factumest,</strong></span> <span class='ocrx_word' id='word_1_5' title='bbox 792 507 826 560; x_wconf 91' lang='lat' dir='ltr'><strong>ut</strong></span> <span class='ocrx_word' id='word_1_6' title='bbox 847 499 964 560; x_wconf 88' lang='lat' dir='ltr'><strong>librarii</strong></span> <span class='ocrx_word' id='word_1_7' title='bbox 986 498 1119 559; x_wconf 87' lang='lat' dir='ltr'><strong>codicum</strong></span> <span class='ocrx_word' id='word_1_8' title='bbox 1142 501 1170 557; x_wconf 84' lang='grc' dir='ltr'><strong>Δ</strong></span> <span class='ocrx_word' id='word_1_9' title='bbox 1193 503 1223 557; x_wconf 88' lang='lat' dir='ltr'><strong>et</strong></span> <span class='ocrx_word' id='word_1_10' title='bbox 1246 497 1271 554; x_wconf 85' lang='lat' dir='ltr'>L</span> <span class='ocrx_word' id='word_1_11' title='bbox 1294 497 1326 557; x_wconf 88' lang='lat' dir='ltr'><strong>in</strong></span> 
     </span>
     <span class='ocr_line' id='line_1_3' title="bbox 294 601 1327 678; baseline -0.001 -17"><span class='ocrx_word' id='word_1_12' title='bbox 294 604 417 662; x_wconf 87' lang='lat' dir='ltr'><strong>eandem</strong></span> <span class='ocrx_word' id='word_1_13' title='bbox 446 603 615 664; x_wconf 78' lang='lat' dir='ltr'><strong>inciderent</strong></span> <span class='ocrx_word' id='word_1_14' title='bbox 640 603 843 663; x_wconf 89' lang='lat' dir='ltr'><strong>coniecturam</strong></span> <span class='ocrx_word' id='word_1_15' title='bbox 869 602 953 662; x_wconf 91' lang='lat' dir='ltr'><strong>velut</strong></span> <span class='ocrx_word' id='word_1_16' title='bbox 976 606 1025 676; x_wconf 90' lang='grc'><strong>64,</strong></span> <span class='ocrx_word' id='word_1_17' title='bbox 1052 607 1077 676; x_wconf 92' lang='grc'><strong>1,</strong></span> <span class='ocrx_word' id='word_1_18' title='bbox 1106 601 1160 661; x_wconf 91' lang='lat' dir='ltr'><strong>nbi</strong></span> <span class='ocrx_word' id='word_1_19' title='bbox 1184 601 1208 658; x_wconf 94' lang='lat'>0</span> <span class='ocrx_word' id='word_1_20' title='bbox 1231 601 1327 678; x_wconf 89' lang='lat' dir='ltr'><strong>parti-</strong></span> 
     </span>
     <span class='ocr_line' id='line_1_4' title="bbox 295 703 1326 786; baseline 0 -22"><span class='ocrx_word' id='word_1_21' title='bbox 295 706 390 765; x_wconf 90' lang='lat' dir='ltr'><strong>culam</strong></span> <span class='ocrx_word' id='word_1_22' title='bbox 406 727 460 784; x_wconf 83' lang='lat' dir='ltr'><strong>qua</strong></span> <span class='ocrx_word' id='word_1_23' title='bbox 474 707 630 767; x_wconf 85' lang='lat' dir='ltr'><strong>omiserat:</strong></span> <span class='ocrx_word' id='word_1_24' title='bbox 646 705 682 764; x_wconf 81' lang='lat' dir='ltr'><strong>od</strong></span> <span class='ocrx_word' id='word_1_25' title='bbox 691 708 854 786; x_wconf 72' lang='lat' dir='ltr'><strong>periurium</strong></span> <span class='ocrx_word' id='word_1_26' title='bbox 867 703 1020 782; x_wconf 75' lang='lat' dir='ltr'><strong>perfidiam</strong></span> <span class='ocrx_word' id='word_1_27' title='bbox 1036 704 1105 782; x_wconf 86' lang='lat' dir='ltr'><strong>(em.</strong></span> <span class='ocrx_word' id='word_1_28' title='bbox 1122 705 1232 763; x_wconf 78' lang='lat' dir='ltr'><strong>Aldus:</strong></span> <span class='ocrx_word' id='word_1_29' title='bbox 1248 704 1283 762; x_wconf 82' lang='lat' dir='ltr'><strong>oh</strong></span> <span class='ocrx_word' id='word_1_30' title='bbox 1296 725 1326 781; x_wconf 82' lang='lat' dir='ltr'><strong>p.</strong></span> 
     </span>
     <span class='ocr_line' id='line_1_5' title="bbox 293 804 1327 886; baseline -0.001 -20"><span class='ocrx_word' id='word_1_31' title='bbox 293 807 522 886; x_wconf 62' lang='lat' dir='ltr'><strong>perfidumque).</strong></span> <span class='ocrx_word' id='word_1_32' title='bbox 555 809 639 868; x_wconf 87' lang='lat' dir='ltr'><strong>Illud</strong></span> <span class='ocrx_word' id='word_1_33' title='bbox 652 808 712 868; x_wconf 85' lang='lat' dir='ltr'><strong>fide</strong></span> <span class='ocrx_word' id='word_1_34' title='bbox 728 811 922 867; x_wconf 84' lang='lat' dir='ltr'><strong>servaverant</strong></span> <span class='ocrx_word' id='word_1_35' title='bbox 936 807 1069 867; x_wconf 88' lang='lat' dir='ltr'><strong>codicum</strong></span> <span class='ocrx_word' id='word_1_36' title='bbox 1085 805 1113 883; x_wconf 83' lang='grc' dir='ltr'><strong>β,</strong></span> <span class='ocrx_word' id='word_1_37' title='bbox 1129 829 1157 879; x_wconf 87' lang='grc'><strong>5,</strong></span> <span class='ocrx_word' id='word_1_38' title='bbox 1172 827 1195 863; x_wconf 82' lang='grc' dir='ltr'><strong><em>π</em></strong></span> <span class='ocrx_word' id='word_1_39' title='bbox 1209 804 1327 865; x_wconf 86' lang='lat' dir='ltr'><strong>librarii</strong></span> 
     </span>
     <span class='ocr_line' id='line_1_6' title="bbox 295 909 1325 988; baseline 0 -20"><span class='ocrx_word' id='word_1_40' title='bbox 295 911 392 988; x_wconf 82' lang='lat' dir='ltr'><strong>(operi</strong></span> <span class='ocrx_word' id='word_1_41' title='bbox 412 921 507 970; x_wconf 81' lang='lat' dir='ltr'><strong>urtam</strong></span> <span class='ocrx_word' id='word_1_42' title='bbox 525 912 558 972; x_wconf 88' lang='lat' dir='ltr'><strong>V.</strong></span> <span class='ocrx_word' id='word_1_43' title='bbox 595 914 700 988; x_wconf 80' lang='lat' dir='ltr'><strong>appari</strong></span> <span class='ocrx_word' id='word_1_44' title='bbox 720 920 814 969; x_wconf 80' lang='lat' dir='ltr'><strong>urtam</strong></span> <span class='ocrx_word' id='word_1_45' title='bbox 831 911 884 988; x_wconf 89' lang='lat' dir='ltr'><strong>P);</strong></span> <span class='ocrx_word' id='word_1_46' title='bbox 908 912 933 970; x_wconf 93' lang='lat' dir='ltr'>L</span> <span class='ocrx_word' id='word_1_47' title='bbox 949 914 979 970; x_wconf 89' lang='lat' dir='ltr'><strong>et</strong></span> <span class='ocrx_word' id='word_1_48' title='bbox 996 913 1020 968; x_wconf 80' lang='lat' dir='ltr'><strong>A</strong></span> <span class='ocrx_word' id='word_1_49' title='bbox 1044 909 1219 986; x_wconf 89' lang='lat' dir='ltr'><strong>interpolati</strong></span> <span class='ocrx_word' id='word_1_50' title='bbox 1241 928 1325 987; x_wconf 89' lang='lat' dir='ltr'><strong>prae·</strong></span> 
     </span>
    </p>
   </div>
   <div class='ocr_carea' id='block_1_3' title="bbox 296 1012 753 1092">
    <p class='ocr_par' dir='ltr' id='par_1_3' title="bbox 296 1012 753 1092">
     <span class='ocr_line' id='line_1_7' title="bbox 296 1012 753 1092; baseline -0.002 -20"><span class='ocrx_word' id='word_1_51' title='bbox 296 1015 369 1074; x_wconf 91' lang='lat' dir='ltr'><strong>bant</strong></span> <span class='ocrx_word' id='word_1_52' title='bbox 390 1013 425 1072; x_wconf 84' lang='lat' dir='ltr'><strong>ot</strong></span> <span class='ocrx_word' id='word_1_53' title='bbox 445 1016 573 1092; x_wconf 75' lang='lat' dir='ltr'><strong>periurri&#39;</strong></span> <span class='ocrx_word' id='word_1_54' title='bbox 588 1012 753 1091; x_wconf 71' lang='lat' dir='ltr'><strong>perfidelem.</strong></span> 
     </span>
    </p>
   </div>
   <div class='ocr_carea' id='block_1_4' title="bbox 384 1149 1121 1212">
    <p class='ocr_par' dir='ltr' id='par_1_4' title="bbox 384 1149 1121 1212">
     <span class='ocr_line' id='line_1_8' title="bbox 384 1149 1121 1212; baseline 0.005 -5"><span class='ocrx_word' id='word_1_55' title='bbox 384 1151 542 1210; x_wconf 90' lang='lat' dir='ltr'><strong>Praeterea</strong></span> <span class='ocrx_word' id='word_1_56' title='bbox 562 1152 592 1209; x_wconf 81' lang='lat' dir='ltr'>A</span> <span class='ocrx_word' id='word_1_57' title='bbox 614 1154 645 1210; x_wconf 88' lang='lat' dir='ltr'><strong>et</strong></span> <span class='ocrx_word' id='word_1_58' title='bbox 667 1149 691 1207; x_wconf 88' lang='lat' dir='ltr'>L</span> <span class='ocrx_word' id='word_1_59' title='bbox 713 1149 786 1210; x_wconf 85' lang='lat' dir='ltr'><strong>locis</strong></span> <span class='ocrx_word' id='word_1_60' title='bbox 808 1150 999 1212; x_wconf 90' lang='lat' dir='ltr'><strong>consentiunt</strong></span> <span class='ocrx_word' id='word_1_61' title='bbox 1020 1150 1121 1211; x_wconf 84' lang='lat' dir='ltr'><strong>hisce:</strong></span> 
     </span>
    </p>
   </div>
   <div class='ocr_carea' id='block_1_5' title="bbox 298 1321 649 1925">
    <p class='ocr_par' dir='ltr' id='par_1_5' title="bbox 298 1321 649 1925">
     <span class='ocr_line' id='line_1_9' title="bbox 514 1321 586 1382; baseline 0.028 -3"><span class='ocrx_word' id='word_1_62' title='bbox 514 1321 568 1380; x_wconf 77' lang='lat' dir='ltr'><strong>AL</strong></span> <span class='ocrx_word' id='word_1_63' title='bbox 578 1343 586 1382; x_wconf 75' lang='grc' dir='ltr'><strong>ε</strong></span> 
     </span>
     <span class='ocr_line' id='line_1_10' title="bbox 299 1437 614 1517; baseline 0.013 -19"><span class='ocrx_word' id='word_1_64' title='bbox 299 1444 348 1514; x_wconf 84' lang='grc'><strong>14,</strong></span> <span class='ocrx_word' id='word_1_65' title='bbox 373 1444 387 1498; x_wconf 96' lang='grc'><strong>1</strong></span> <span class='ocrx_word' id='word_1_66' title='bbox 414 1437 614 1517; x_wconf 49' lang='lat' dir='ltr'><strong>coeperuntfft</strong></span> 
     </span>
     <span class='ocr_line' id='line_1_11' title="bbox 301 1543 518 1616; baseline 0.005 -15"><span class='ocrx_word' id='word_1_67' title='bbox 301 1548 348 1616; x_wconf 91' lang='grc'><strong>18,</strong></span> <span class='ocrx_word' id='word_1_68' title='bbox 372 1546 390 1600; x_wconf 85' lang='lat'>4</span> <span class='ocrx_word' id='word_1_69' title='bbox 414 1543 518 1602; x_wconf 85' lang='lat' dir='ltr'><strong>nausia</strong></span> 
     </span>
     <span class='ocr_line' id='line_1_12' title="bbox 300 1646 628 1723; baseline 0.012 -21"><span class='ocrx_word' id='word_1_70' title='bbox 300 1648 347 1718; x_wconf 89' lang='lat'><strong>18,</strong></span> <span class='ocrx_word' id='word_1_71' title='bbox 373 1650 389 1703; x_wconf 84' lang='lat'>5</span> <span class='ocrx_word' id='word_1_72' title='bbox 414 1651 482 1721; x_wconf 88' lang='lat' dir='ltr'><strong>post</strong></span> <span class='ocrx_word' id='word_1_73' title='bbox 504 1646 628 1723; x_wconf 88' lang='lat' dir='ltr'><strong>collem†</strong></span> 
     </span>
     <span class='ocr_line' id='line_1_13' title="bbox 298 1745 649 1825; baseline 0.011 -21"><span class='ocrx_word' id='word_1_74' title='bbox 298 1752 348 1819; x_wconf 94' lang='lat'><strong>22,</strong></span> <span class='ocrx_word' id='word_1_75' title='bbox 373 1751 389 1804; x_wconf 98' lang='grc'><strong>5</strong></span> <span class='ocrx_word' id='word_1_76' title='bbox 414 1745 649 1825; x_wconf 64' lang='grc' dir='ltr'><strong>51115ςὶ1555ωῆ</strong></span> 
     </span>
     <span class='ocr_line' id='line_1_14' title="bbox 299 1847 618 1925; baseline 0.016 -19"><span class='ocrx_word' id='word_1_77' title='bbox 299 1854 348 1920; x_wconf 88' lang='grc'><strong>60,</strong></span> <span class='ocrx_word' id='word_1_78' title='bbox 372 1854 389 1906; x_wconf 87' lang='grc'>3</span> <span class='ocrx_word' id='word_1_79' title='bbox 414 1847 618 1925; x_wconf 70' lang='lat' dir='ltr'><strong>contulerat*†</strong></span> 
     </span>
    </p>
   </div>
   <div class='ocr_carea' id='block_1_6' title="bbox 186 1950 491 2026">
    <p class='ocr_par' dir='ltr' id='par_1_6' title="bbox 186 1950 491 2026">
     <span class='ocr_line' id='line_1_15' title="bbox 186 1950 491 2026; baseline 0 -18"><span class='ocrx_word' id='word_1_80' title='bbox 186 2006 188 2008; x_wconf 79' lang='grc'>.</span> <span class='ocrx_word' id='word_1_81' title='bbox 299 1956 347 2024; x_wconf 88' lang='grc'><strong>61,</strong></span> <span class='ocrx_word' id='word_1_82' title='bbox 375 1956 387 2009; x_wconf 97' lang='grc'><strong>1</strong></span> <span class='ocrx_word' id='word_1_83' title='bbox 413 1950 491 2026; x_wconf 69' lang='lat' dir='ltr'><strong>dicit</strong></span> 
     </span>
    </p>
   </div>
   <div class='ocr_carea' id='block_1_7' title="bbox 299 2053 601 2230">
    <p class='ocr_par' dir='ltr' id='par_1_7' title="bbox 299 2053 601 2230">
     <span class='ocr_line' id='line_1_16' title="bbox 299 2053 564 2133; baseline 0.019 -22"><span class='ocrx_word' id='word_1_84' title='bbox 299 2059 348 2128; x_wconf 87' lang='lat'><strong>62,</strong></span> <span class='ocrx_word' id='word_1_85' title='bbox 373 2059 390 2111; x_wconf 90' lang='lat'>2</span> <span class='ocrx_word' id='word_1_86' title='bbox 414 2053 564 2133; x_wconf 88' lang='lat' dir='ltr'><strong>adventn†</strong></span> 
     </span>
     <span class='ocr_line' id='line_1_17' title="bbox 300 2156 601 2230; baseline 0.013 -16"><span class='ocrx_word' id='word_1_87' title='bbox 300 2156 348 2230; x_wconf 80' lang='grc'><strong>74,</strong></span> <span class='ocrx_word' id='word_1_88' title='bbox 372 2162 390 2214; x_wconf 96' lang='lat'>2</span> <span class='ocrx_word' id='word_1_89' title='bbox 414 2156 493 2216; x_wconf 91' lang='lat' dir='ltr'><strong>idern</strong></span> <span class='ocrx_word' id='word_1_90' title='bbox 516 2160 601 2218; x_wconf 76' lang='lat' dir='ltr'><strong>And</strong></span> 
     </span>
    </p>
   </div>
   <div class='ocr_carea' id='block_1_8' title="bbox 825 1321 1140 2216">
    <p class='ocr_par' dir='ltr' id='par_1_8' title="bbox 825 1321 1140 2216">
     <span class='ocr_line' id='line_1_18' title="bbox 1013 1321 1140 1401; baseline 0 -21"><span class='ocrx_word' id='word_1_91' title='bbox 1013 1321 1122 1401; x_wconf 83' lang='lat' dir='ltr'>reliqui</span> <span class='ocrx_word' id='word_1_92' title='bbox 1133 1343 1140 1380; x_wconf 93' lang='lat'><strong>:</strong></span> 
     </span>
     <span class='ocr_line' id='line_1_19' title="bbox 825 1446 985 1519; baseline 0.006 -18"><span class='ocrx_word' id='word_1_93' title='bbox 825 1446 985 1519; x_wconf 89' lang='lat' dir='ltr'><strong>coeperant</strong></span> 
     </span>
     <span class='ocr_line' id='line_1_20' title="bbox 825 1545 1018 1605; baseline 0 -3"><span class='ocrx_word' id='word_1_94' title='bbox 825 1545 944 1605; x_wconf 82' lang='lat' dir='ltr'><strong>nausias</strong></span> <span class='ocrx_word' id='word_1_95' title='bbox 965 1545 1018 1602; x_wconf 86' lang='lat' dir='ltr'><strong>PV</strong></span> 
     </span>
     <span class='ocr_line' id='line_1_21' title="bbox 825 1645 1010 1722; baseline 0 -16"><span class='ocrx_word' id='word_1_96' title='bbox 825 1651 894 1722; x_wconf 90' lang='lat' dir='ltr'><strong>post</strong></span> <span class='ocrx_word' id='word_1_97' title='bbox 915 1645 1010 1706; x_wconf 67' lang='lat' dir='ltr'><strong>colle*</strong></span> 
     </span>
     <span class='ocr_line' id='line_1_22' title="bbox 826 1749 1046 1824; baseline -0.005 -16"><span class='ocrx_word' id='word_1_98' title='bbox 826 1755 857 1809; x_wconf 91' lang='lat' dir='ltr'><strong>et</strong></span> <span class='ocrx_word' id='word_1_99' title='bbox 878 1749 1046 1824; x_wconf 86' lang='lat' dir='ltr'><strong>flagitatum</strong></span> 
     </span>
     <span class='ocr_line' id='line_1_23' title="bbox 826 1852 1014 1912; baseline -0.005 0"><span class='ocrx_word' id='word_1_100' title='bbox 826 1852 1014 1912; x_wconf 76' lang='lat' dir='ltr'><strong>contulerant</strong></span> 
     </span>
     <span class='ocr_line' id='line_1_24' title="bbox 826 1950 894 2013; baseline 0 0"><span class='ocrx_word' id='word_1_101' title='bbox 826 1950 894 2013; x_wconf 63' lang='lat' dir='ltr'><strong>die*</strong></span> 
     </span>
     <span class='ocr_line' id='line_1_25' title="bbox 826 2052 993 2117; baseline -0.012 -2"><span class='ocrx_word' id='word_1_102' title='bbox 826 2052 993 2117; x_wconf 73' lang='lat' dir='ltr'><strong>adventus*</strong></span> 
     </span>
     <span class='ocr_line' id='line_1_26' title="bbox 825 2158 857 2216; baseline 0 0"><span class='ocrx_word' id='word_1_103' title='bbox 825 2158 857 2216; x_wconf 92' lang='lat' dir='ltr'><strong>id</strong></span> 
     </span>
    </p>
   </div>
   <div class='ocr_carea' id='block_1_9' title="bbox 298 2257 1087 2342">
    <p class='ocr_par' dir='ltr' id='par_1_9' title="bbox 298 2257 1087 2342">
     <span class='ocr_line' id='line_1_27' title="bbox 298 2257 1087 2342; baseline 0.005 -25"><span class='ocrx_word' id='word_1_104' title='bbox 298 2261 348 2332; x_wconf 90' lang='grc'><strong>85,</strong></span> <span class='ocrx_word' id='word_1_105' title='bbox 381 2264 398 2317; x_wconf 91' lang='grc'><strong>5</strong></span> <span class='ocrx_word' id='word_1_106' title='bbox 430 2261 542 2338; x_wconf 85' lang='lat' dir='ltr'><strong>armis†</strong></span> <span class='ocrx_word' id='word_1_107' title='bbox 571 2264 658 2342; x_wconf 55' lang='lat' dir='ltr'><strong>Ab„</strong></span> <span class='ocrx_word' id='word_1_108' title='bbox 710 2260 799 2319; x_wconf 88' lang='lat' dir='ltr'><strong>armis</strong></span> <span class='ocrx_word' id='word_1_109' title='bbox 826 2261 915 2320; x_wconf 89' lang='lat' dir='ltr'><strong>armis</strong></span> <span class='ocrx_word' id='word_1_110' title='bbox 937 2257 1087 2321; x_wconf 68' lang='lat' dir='ltr'><strong>dimissis*</strong></span> 
     </span>
    </p>
   </div>
   <div class='ocr_carea' id='block_1_10' title="bbox 297 2361 721 2847">
    <p class='ocr_par' dir='ltr' id='par_1_10' title="bbox 297 2361 721 2847">
     <span class='ocr_line' id='line_1_28' title="bbox 338 2361 520 2444; baseline -0.005 -23"><span class='ocrx_word' id='word_1_111' title='bbox 338 2361 456 2440; x_wconf 77' lang='lat' dir='ltr'><strong>missis†</strong></span> <span class='ocrx_word' id='word_1_112' title='bbox 478 2364 520 2444; x_wconf 74' lang='lat' dir='ltr'><strong>L,</strong></span> 
     </span>
     <span class='ocr_line' id='line_1_29' title="bbox 297 2463 660 2542; baseline 0.008 -22"><span class='ocrx_word' id='word_1_113' title='bbox 297 2468 346 2535; x_wconf 83' lang='lat'><strong>85,</strong></span> <span class='ocrx_word' id='word_1_114' title='bbox 372 2469 390 2522; x_wconf 87' lang='lat'><strong>9</strong></span> <span class='ocrx_word' id='word_1_115' title='bbox 414 2463 517 2542; x_wconf 88' lang='lat' dir='ltr'><strong>itaque</strong></span> <span class='ocrx_word' id='word_1_116' title='bbox 540 2468 660 2541; x_wconf 87' lang='lat' dir='ltr'><strong>omnes†</strong></span> 
     </span>
     <span class='ocr_line' id='line_1_30' title="bbox 300 2561 534 2639; baseline 0.009 -17"><span class='ocrx_word' id='word_1_117' title='bbox 300 2565 349 2639; x_wconf 92' lang='grc'><strong>87,</strong></span> <span class='ocrx_word' id='word_1_118' title='bbox 373 2568 392 2622; x_wconf 88' lang='grc'><strong>4</strong></span> <span class='ocrx_word' id='word_1_119' title='bbox 416 2561 534 2624; x_wconf 66' lang='lat' dir='ltr'><strong>adorti*</strong></span> 
     </span>
     <span class='ocr_line' id='line_1_31' title="bbox 298 2669 613 2746; baseline 0.013 -21"><span class='ocrx_word' id='word_1_120' title='bbox 298 2672 349 2741; x_wconf 92' lang='lat'><strong>21,</strong></span> <span class='ocrx_word' id='word_1_121' title='bbox 372 2672 391 2725; x_wconf 87' lang='grc'>4</span> <span class='ocrx_word' id='word_1_122' title='bbox 415 2669 613 2746; x_wconf 70' lang='lat' dir='ltr'><strong>comportarit</strong></span> 
     </span>
     <span class='ocr_line' id='line_1_32' title="bbox 298 2769 721 2847; baseline 0.012 -21"><span class='ocrx_word' id='word_1_123' title='bbox 298 2774 348 2842; x_wconf 91' lang='lat'><strong>21,</strong></span> <span class='ocrx_word' id='word_1_124' title='bbox 377 2774 389 2828; x_wconf 98' lang='lat'>1</span> <span class='ocrx_word' id='word_1_125' title='bbox 416 2769 571 2830; x_wconf 89' lang='lat' dir='ltr'><strong>circumire</strong></span> <span class='ocrx_word' id='word_1_126' title='bbox 594 2772 721 2847; x_wconf 73' lang='lat' dir='ltr'><strong>cotidiet</strong></span> 
     </span>
    </p>
   </div>
   <div class='ocr_carea' id='block_1_11' title="bbox 825 2467 1115 2632">
    <p class='ocr_par' dir='ltr' id='par_1_11' title="bbox 825 2467 1115 2632">
     <span class='ocr_line' id='line_1_33' title="bbox 825 2467 1115 2547; baseline -0.003 -20"><span class='ocrx_word' id='word_1_127' title='bbox 825 2467 927 2547; x_wconf 90' lang='lat' dir='ltr'><strong>itaque</strong></span> <span class='ocrx_word' id='word_1_128' title='bbox 950 2468 988 2526; x_wconf 93' lang='lat' dir='ltr'><strong>·I·</strong></span> <span class='ocrx_word' id='word_1_129' title='bbox 1013 2486 1115 2528; x_wconf 87' lang='lat' dir='ltr'><strong>omnes</strong></span> 
     </span>
     <span class='ocr_line' id='line_1_34' title="bbox 826 2569 944 2632; baseline -0.008 -3"><span class='ocrx_word' id='word_1_130' title='bbox 826 2569 944 2632; x_wconf 78' lang='lat' dir='ltr'><strong>adhorti</strong></span> 
     </span>
    </p>
   </div>
   <div class='ocr_carea' id='block_1_12' title="bbox 825 2666 1114 2835">
    <p class='ocr_par' dir='ltr' id='par_1_12' title="bbox 825 2666 1114 2835">
     <span class='ocr_line' id='line_1_35' title="bbox 825 2666 1015 2749; baseline 0 -19"><span class='ocrx_word' id='word_1_131' title='bbox 825 2666 1015 2749; x_wconf 68' lang='lat' dir='ltr'><strong>subportari*</strong></span> 
     </span>
     <span class='ocr_line' id='line_1_36' title="bbox 826 2775 1114 2835; baseline -0.007 0"><span class='ocrx_word' id='word_1_132' title='bbox 826 2775 935 2835; x_wconf 79' lang='lat' dir='ltr'><strong>cotidie</strong></span> <span class='ocrx_word' id='word_1_133' title='bbox 956 2775 1114 2834; x_wconf 89' lang='lat' dir='ltr'><strong>circumire</strong></span> 
     </span>
    </p>
   </div>
   <div class='ocr_carea' id='block_1_13' title="bbox 299 2871 1169 2954">
    <p class='ocr_par' dir='ltr' id='par_1_13' title="bbox 299 2871 1169 2954">
     <span class='ocr_line' id='line_1_37' title="bbox 299 2871 1169 2954; baseline 0.006 -23"><span class='ocrx_word' id='word_1_134' title='bbox 299 2873 347 2947; x_wconf 89' lang='grc'><strong>75,</strong></span> <span class='ocrx_word' id='word_1_135' title='bbox 372 2880 390 2932; x_wconf 96' lang='lat'>2</span> <span class='ocrx_word' id='word_1_136' title='bbox 413 2873 537 2933; x_wconf 81' lang='lat' dir='ltr'><strong>sarcinis</strong></span> <span class='ocrx_word' id='word_1_137' title='bbox 559 2873 752 2954; x_wconf 86' lang='lat' dir='ltr'><strong>interceptia†</strong></span> <span class='ocrx_word' id='word_1_138' title='bbox 826 2877 1002 2954; x_wconf 86' lang='lat' dir='ltr'><strong>interceptis</strong></span> <span class='ocrx_word' id='word_1_139' title='bbox 1024 2871 1169 2937; x_wconf 69' lang='lat' dir='ltr'><strong>sarcinis*</strong></span> 
     </span>
    </p>
   </div>
   <div class='ocr_carea' id='block_1_14' title="bbox 298 3062 1328 3963">
    <p class='ocr_par' dir='ltr' id='par_1_14' title="bbox 298 3062 1328 3963">
     <span class='ocr_line' id='line_1_38' title="bbox 383 3062 1327 3143; baseline 0.001 -21"><span class='ocrx_word' id='word_1_140' title='bbox 383 3065 498 3123; x_wconf 91' lang='lat' dir='ltr'><strong>Horum</strong></span> <span class='ocrx_word' id='word_1_141' title='bbox 521 3062 651 3123; x_wconf 90' lang='lat' dir='ltr'><strong>locorum</strong></span> <span class='ocrx_word' id='word_1_142' title='bbox 673 3066 766 3125; x_wconf 89' lang='lat' dir='ltr'><strong>multo</strong></span> <span class='ocrx_word' id='word_1_143' title='bbox 781 3067 875 3127; x_wconf 91' lang='lat' dir='ltr'><strong>maior</strong></span> <span class='ocrx_word' id='word_1_144' title='bbox 889 3086 958 3142; x_wconf 86' lang='lat' dir='ltr'><strong>pars</strong></span> <span class='ocrx_word' id='word_1_145' title='bbox 973 3065 1004 3123; x_wconf 91' lang='lat' dir='ltr'><strong>in</strong></span> <span class='ocrx_word' id='word_1_146' title='bbox 1020 3066 1063 3126; x_wconf 88' lang='lat' dir='ltr'><strong>rei</strong></span> <span class='ocrx_word' id='word_1_147' title='bbox 1080 3065 1327 3143; x_wconf 79' lang='lat' dir='ltr'><strong>orthographicas</strong></span> 
     </span>
     <span class='ocr_line' id='line_1_39' title="bbox 298 3166 1328 3246; baseline 0.003 -23"><span class='ocrx_word' id='word_1_148' title='bbox 298 3166 469 3246; x_wconf 80' lang='lat' dir='ltr'><strong>quisquiliis</strong></span> <span class='ocrx_word' id='word_1_149' title='bbox 499 3171 645 3227; x_wconf 87' lang='lat' dir='ltr'><strong>vereatur.</strong></span> <span class='ocrx_word' id='word_1_150' title='bbox 696 3170 733 3227; x_wconf 93' lang='lat' dir='ltr'><strong>In</strong></span> <span class='ocrx_word' id='word_1_151' title='bbox 763 3169 878 3229; x_wconf 87' lang='lat' dir='ltr'><strong>ultimis</strong></span> <span class='ocrx_word' id='word_1_152' title='bbox 909 3173 1025 3228; x_wconf 90' lang='lat' dir='ltr'><strong>tantum</strong></span> <span class='ocrx_word' id='word_1_153' title='bbox 1056 3169 1153 3228; x_wconf 90' lang='lat' dir='ltr'><strong>tribus</strong></span> <span class='ocrx_word' id='word_1_154' title='bbox 1181 3167 1328 3245; x_wconf 85' lang='lat' dir='ltr'><strong>exemplis</strong></span> 
     </span>
     <span class='ocr_line' id='line_1_40' title="bbox 298 3267 1327 3351; baseline 0.004 -25"><span class='ocrx_word' id='word_1_155' title='bbox 298 3267 515 3345; x_wconf 76' lang='lat' dir='ltr'><strong>aliquantisper</strong></span> <span class='ocrx_word' id='word_1_156' title='bbox 544 3270 675 3329; x_wconf 88' lang='lat' dir='ltr'><strong>haereas.</strong></span> <span class='ocrx_word' id='word_1_157' title='bbox 724 3271 783 3332; x_wconf 81' lang='lat' dir='ltr'><strong>Sed</strong></span> <span class='ocrx_word' id='word_1_158' title='bbox 812 3274 892 3351; x_wconf 92' lang='lat' dir='ltr'><strong>qnod</strong></span> <span class='ocrx_word' id='word_1_159' title='bbox 921 3271 952 3330; x_wconf 93' lang='lat' dir='ltr'><strong>in</strong></span> <span class='ocrx_word' id='word_1_160' title='bbox 986 3273 1038 3331; x_wconf 77' lang='lat' dir='ltr'><strong>AL</strong></span> <span class='ocrx_word' id='word_1_161' title='bbox 1063 3276 1155 3346; x_wconf 87' lang='lat'>21,4</span> <span class='ocrx_word' id='word_1_162' title='bbox 1187 3272 1327 3333; x_wconf 84' lang='lat' dir='ltr'><strong>mendose</strong></span> 
     </span>
     <span class='ocr_line' id='line_1_41' title="bbox 299 3364 1327 3453; baseline 0.007 -26"><span class='ocrx_word' id='word_1_163' title='bbox 299 3364 409 3444; x_wconf 80' lang='lat' dir='ltr'><strong>legitur</strong></span> <span class='ocrx_word' id='word_1_164' title='bbox 439 3374 618 3447; x_wconf 75' lang='lat' dir='ltr'><strong>comportari</strong></span> <span class='ocrx_word' id='word_1_165' title='bbox 645 3393 698 3448; x_wconf 93' lang='lat' dir='ltr'><strong>pro</strong></span> <span class='ocrx_word' id='word_1_166' title='bbox 729 3375 907 3453; x_wconf 79' lang='lat' dir='ltr'><strong>subportari,</strong></span> <span class='ocrx_word' id='word_1_167' title='bbox 939 3373 1027 3435; x_wconf 86' lang='lat' dir='ltr'><strong>facile</strong></span> <span class='ocrx_word' id='word_1_168' title='bbox 1055 3395 1124 3434; x_wconf 87' lang='lat' dir='ltr'><strong>casu</strong></span> <span class='ocrx_word' id='word_1_169' title='bbox 1144 3380 1249 3434; x_wconf 90' lang='lat' dir='ltr'><strong>natum</strong></span> <span class='ocrx_word' id='word_1_170' title='bbox 1271 3379 1327 3447; x_wconf 87' lang='lat' dir='ltr'><strong>est,</strong></span> 
     </span>
     <span class='ocr_line' id='line_1_42' title="bbox 299 3473 1328 3553; baseline 0.004 -21"><span class='ocrx_word' id='word_1_171' title='bbox 299 3490 365 3532; x_wconf 89' lang='lat' dir='ltr'><strong>cnm</strong></span> <span class='ocrx_word' id='word_1_172' title='bbox 396 3473 553 3533; x_wconf 84' lang='lat' dir='ltr'><strong>antecedat</strong></span> <span class='ocrx_word' id='word_1_173' title='bbox 583 3487 763 3537; x_wconf 81' lang='lat' dir='ltr'><strong>commeatur.</strong></span> <span class='ocrx_word' id='word_1_174' title='bbox 809 3482 858 3550; x_wconf 90' lang='lat'><strong>21,</strong></span> <span class='ocrx_word' id='word_1_175' title='bbox 884 3482 898 3536; x_wconf 96' lang='lat'>1</span> <span class='ocrx_word' id='word_1_176' title='bbox 933 3483 1012 3536; x_wconf 89' lang='lat' dir='ltr'><strong>certo</strong></span> <span class='ocrx_word' id='word_1_177' title='bbox 1043 3479 1192 3536; x_wconf 90' lang='lat' dir='ltr'><strong>turbatam</strong></span> <span class='ocrx_word' id='word_1_178' title='bbox 1213 3477 1328 3553; x_wconf 88' lang='lat' dir='ltr'><strong>pariter</strong></span> 
     </span>
     <span class='ocr_line' id='line_1_43' title="bbox 299 3577 1327 3657; baseline 0.004 -24"><span class='ocrx_word' id='word_1_179' title='bbox 299 3577 445 3651; x_wconf 88' lang='lat' dir='ltr'><strong>praebent</strong></span> <span class='ocrx_word' id='word_1_180' title='bbox 467 3577 625 3636; x_wconf 89' lang='lat' dir='ltr'><strong>verborum</strong></span> <span class='ocrx_word' id='word_1_181' title='bbox 647 3578 878 3642; x_wconf 87' lang='lat' dir='ltr'><strong>collocationem.</strong></span> <span class='ocrx_word' id='word_1_182' title='bbox 923 3581 1005 3640; x_wconf 78' lang='lat' dir='ltr'><strong>Solet</strong></span> <span class='ocrx_word' id='word_1_183' title='bbox 1028 3580 1108 3639; x_wconf 90' lang='lat' dir='ltr'><strong>enim</strong></span> <span class='ocrx_word' id='word_1_184' title='bbox 1130 3580 1258 3657; x_wconf 87' lang='lat' dir='ltr'><strong>scriptor</strong></span> <span class='ocrx_word' id='word_1_185' title='bbox 1280 3600 1327 3638; x_wconf 83' lang='grc'><strong>55-</strong></span> 
     </span>
     <span class='ocr_line' id='line_1_44' title="bbox 300 3679 1327 3759; baseline 0.007 -24"><span class='ocrx_word' id='word_1_186' title='bbox 300 3679 369 3736; x_wconf 72' lang='grc'><strong>11555</strong></span> <span class='ocrx_word' id='word_1_187' title='bbox 391 3680 483 3739; x_wconf 86' lang='lat' dir='ltr'><strong>verbo</strong></span> <span class='ocrx_word' id='word_1_188' title='bbox 505 3699 697 3758; x_wconf 84' lang='lat' dir='ltr'><strong>praeponere,</strong></span> <span class='ocrx_word' id='word_1_189' title='bbox 720 3682 798 3743; x_wconf 87' lang='lat' dir='ltr'><strong>siout</strong></span> <span class='ocrx_word' id='word_1_190' title='bbox 818 3685 964 3759; x_wconf 88' lang='lat' dir='ltr'><strong>praebant</strong></span> <span class='ocrx_word' id='word_1_191' title='bbox 984 3683 1036 3741; x_wconf 88' lang='lat' dir='ltr'><strong>PV</strong></span> <span class='ocrx_word' id='word_1_192' title='bbox 1060 3688 1091 3743; x_wconf 90' lang='lat' dir='ltr'><strong>et</strong></span> <span class='ocrx_word' id='word_1_193' title='bbox 1112 3681 1149 3759; x_wconf 73' lang='grc' dir='ltr'><strong>βε</strong></span> <span class='ocrx_word' id='word_1_194' title='bbox 1173 3688 1254 3758; x_wconf 82' lang='lat'>29,1</span> <span class='ocrx_word' id='word_1_195' title='bbox 1280 3703 1327 3742; x_wconf 87' lang='grc'><strong>55-</strong></span> 
     </span>
     <span class='ocr_line' id='line_1_45' title="bbox 300 3781 1326 3863; baseline 0.01 -26"><span class='ocrx_word' id='word_1_196' title='bbox 300 3781 369 3838; x_wconf 75' lang='lat' dir='ltr'><strong>tritis</strong></span> <span class='ocrx_word' id='word_1_197' title='bbox 394 3815 428 3825; x_wconf 93' lang='lat'>-</span> <span class='ocrx_word' id='word_1_198' title='bbox 455 3782 625 3858; x_wconf 77' lang='lat' dir='ltr'><strong>depugnare</strong></span> <span class='ocrx_word' id='word_1_199' title='bbox 654 3803 710 3842; x_wconf 89' lang='grc'><strong>555</strong></span> <span class='ocrx_word' id='word_1_200' title='bbox 736 3787 942 3856; x_wconf 52' lang='lat' dir='ltr'><strong>intermittam&amp;</strong></span> <span class='ocrx_word' id='word_1_201' title='bbox 973 3785 1053 3845; x_wconf 89' lang='lat' dir='ltr'><strong>idem</strong></span> <span class='ocrx_word' id='word_1_202' title='bbox 1075 3792 1125 3861; x_wconf 86' lang='grc'><strong>80,</strong></span> <span class='ocrx_word' id='word_1_203' title='bbox 1152 3791 1266 3863; x_wconf 51' lang='grc'><strong>1586,</strong></span> <span class='ocrx_word' id='word_1_204' title='bbox 1293 3793 1306 3846; x_wconf 92' lang='grc'><strong>1</strong></span> <span class='ocrx_word' id='word_1_205' title='bbox 1318 3808 1326 3861; x_wconf 83' lang='grc'><strong>;</strong></span> 
     </span>
     <span class='ocr_line' id='line_1_46' title="bbox 301 3890 669 3963; baseline 0.016 -19"><span class='ocrx_word' id='word_1_206' title='bbox 301 3890 350 3959; x_wconf 80' lang='grc'><strong>51,</strong></span> <span class='ocrx_word' id='word_1_207' title='bbox 375 3890 410 3961; x_wconf 73' lang='lat' dir='ltr'><strong>a,</strong></span> <span class='ocrx_word' id='word_1_208' title='bbox 434 3891 484 3958; x_wconf 85' lang='lat'><strong>61,</strong></span> <span class='ocrx_word' id='word_1_209' title='bbox 508 3891 544 3963; x_wconf 67' lang='lat' dir='ltr'><strong>a,</strong></span> <span class='ocrx_word' id='word_1_210' title='bbox 568 3891 617 3962; x_wconf 85' lang='lat' dir='ltr'><strong>es,</strong></span> <span class='ocrx_word' id='word_1_211' title='bbox 636 3893 669 3952; x_wconf 83' lang='grc'><strong>5.</strong></span> 
     </span>
    </p>
   </div>
   <div class='ocr_carea' id='block_1_15' title="bbox 0 0 1446 4778">
    <p class='ocr_par' dir='ltr' id='par_1_15' title="bbox 0 0 1446 4778">
     <span class='ocr_line' id='line_1_47' title="bbox 0 0 1446 4778; baseline 0 0"><span class='ocrx_word' id='word_1_212' title='bbox 0 0 1446 4778; x_wconf 95' lang='lat' dir='ltr'><strong> </strong></span> 
     </span>
    </p>
   </div>
  </div>
 </body>
</html>
