2872 4778
612 371 828 445 ..75-

199 569 268 612 sam
290 569 446 611 cursum
469 552 615 626 petunt
636 548 709 628 (cio.
732 570 786 628 pro
809 550 887 612 Cael.
912 548 974 627 72),
1005 571 1093 630 quem
1116 551 1142 614 si
1164 572 1233 630 per-

199 652 341 714 fecissent
362 652 476 713 Uticam
505 652 722 731 pervenissent.
765 655 838 715 oum
870 659 968 714 cutem
999 653 1121 733 petendi
1143 675 1231 718 roca·

201 756 305 816 bulum
336 755 392 815 hac
422 754 640 831 significatione
670 758 749 817 nude
779 762 953 834 usurpatum
982 757 1130 831 offendat,
1164 762 1233 834 post

203 877 303 918 uersus
325 857 526 920 accusativum
549 858 658 919 obiecti
680 878 795 920 cursum
818 859 1010 921 inserendum
1032 880 1148 921 censeo.

289 963 318 1035 7,
341 966 359 1019 4
382 963 591 1038 equitatumque
612 964 641 1020 iu
664 962 786 1021 nauibus
808 960 942 1044 [omnem]
965 965 1121 1022 conterere.

290 1065 357 1124 Non
377 1063 533 1123 attinuisse
549 1083 655 1122 omnem
671 1065 778 1125 addere
793 1064 949 1126 contendit
963 1067 1021 1139 W„
1044 1084 1110 1126 cum
1126 1066 1233 1125 Caesar

201 1168 254 1228 illc
277 1173 410 1244 tempore
426 1167 473 1226 CL
497 1186 558 1225 non
579 1167 707 1243 emplius
729 1170 854 1228 haberet
868 1168 994 1247 equites.
1027 1169 1086 1228 Sed
1101 1177 1232 1245 praeter·

203 1270 281 1332 vidit
315 1269 491 1347 scriptorem
522 1268 624 1345 paucis
655 1269 813 1331 versiculis
845 1274 934 1331 antea
967 1271 1010 1349 (7,
1034 1269 1065 1346 3)
1098 1289 1233 1330 narrasse

202 1372 311 1432 iterum
332 1371 489 1433 advenisse
511 1391 603 1431 naves
625 1373 792 1434 onerarias:
816 1378 997 1453 quapropter
1022 1378 1138 1432 constat
1162 1374 1233 1431 Cae·

195 1495 297 1558 sarem
326 1475 379 1536 illo
408 1479 542 1550 tempore
573 1475 712 1536 habuisse
742 1475 956 1555 aliquanto
987 1475 1161 1551 amplius
1184 1476 1231 1533 GL

205 1578 329 1657 equites.
382 1576 500 1636 Deinde
533 1584 632 1637 autem
666 1578 847 1640 adiectivum
880 1577 1077 1637 necessarium
1110 1583 1234 1653 propter

203 1679 375 1760 sequentia:
406 1681 530 1756 remiges
552 1681 677 1752 sirtarim,
710 1683 761 1758 qui
782 1690 917 1758 aquatum
940 1679 1160 1756 er1)uuoibus
1182 1701 1232 1738 ce-

204 1786 310 1855 ieraut,
335 1816 377 1827 -
399 1783 504 1842 Mauri
522 1786 629 1859 equites
656 1802 776 1860 neque
804 1782 1065 1861 opinantibus
1094 1785 1232 1842 Cacsa-

204 1888 335 1945 riau'is
358 1886 459 1944 adorti
480 1918 532 1943 —.
578 1885 706 1945 Disertis
729 1886 829 1946 verbis
852 1886 926 1946 dicit
947 1891 1049 1945 auctor
1072 1905 1173 1946 omnes
1196 1887 1234 1945 ad

205 2009 298 2050 unum
313 1987 429 2068 equites
441 1987 592 2049 Caesarem
608 1988 640 2048 in
656 1989 782 2048 navibus
798 1988 981 2049 continuisse
997 2008 1094 2067 neque
1109 1987 1234 2059 misisse,

207 2092 258 2171 qui
279 2091 432 2167 regionem
453 2091 653 2168 explorarent,
676 2097 710 2152 ut
724 2096 881 2152 excusaret
895 2089 1084 2168 imperatoris
1098 2090 1235 2150 humani-

207 2194 319 2273 tate2),
351 2195 495 2274 quomodo
526 2193 593 2254 fieri
623 2193 777 2271 potuisset,
809 2199 843 2254 ut
864 2192 1033 2253 Caesariani
1055 2193 1087 2252 in
1109 2192 1234 2253 insidias

206 2296 373 2359 inciderent
394 2296 616 2374 necopinantes.

296 2404 375 2474 10,3
399 2408 502 2458 contra
525 2417 646 2475 magnas
668 2401 768 2476 copias
790 2410 818 2458 ct
840 2399 996 2460 insidiosae
1015 2399 1141 2457 natrauis
1155 2399 1233 2474 aqui·

207 2511 352 2580 tutumque
372 2500 605 2561 z'rruumarabilcm
627 2522 658 2560 sc
680 2505 826 2579 expositos
848 2500 990 2561 ur'dcbaut.

291 2605 340 2666 sic
363 2606 455 2664 edunt
477 2624 580 2664 omnes
602 2625 668 2664 cum
690 2604 785 2666 libris.
819 2605 930 2665 Tamen
952 2624 1017 2663 mea
1034 2602 1153 2682 quidem
1168 2622 1234 2663 sen·

206 2707 302 2768 tentia
330 2707 440 2768 tradita
467 2706 615 2784 scriptura
637 2728 709 2768 sana
730 2728 795 2770 esse
817 2727 877 2768 non
900 2713 1008 2784 potest.
1052 2705 1124 2764 Cum
1144 2724 1234 2780 gene·

206 2810 288 2871 tivus
310 2811 465 2870 ium'driuuc
480 2813 607 2870 nationis
630 2830 669 2872 ex
691 2813 840 2887 copiarum
856 2808 1001 2870 vocabulo
1018 2808 1156 2884 pendeat,
1178 2809 1234 2866 hae

207 2912 309 2990 copiae
340 2917 411 2973 sunt
440 2912 520 2974 solae
542 2912 753 2974 Numidarum:
783 2913 886 2992 itaque
907 2909 1056 2986 Scipionis
1085 2909 1234 2984 legionum

208 3016 290 3075 nulla
319 3015 355 3075 fit
382 3016 503 3076 mentio.
558 3018 697 3077 Attamen
717 3012 829 3075 ¹decem
859 3011 1009 3089 Scipionis
1039 3012 1171 3089 legiones
1201 3011 1233 3071 in

207 3117 310 3185 Africa
324 3117 508 3179 Caesarianis
531 3119 648 3179 obstare
671 3117 784 3178 nuntiis
805 3118 969 3177 incolarum
991 3116 1145 3176 constabat
1167 3115 1234 3192 (cir.

211 3225 238 3295 1,
260 3219 301 3297 4).
349 3222 456 3301 Itaque
487 3240 609 3298 magnas
637 3223 738 3297 capias
767 3222 804 3280 ed
833 3217 1071 3280 adversariorum
1101 3217 1234 3293 legiones

208 3323 379 3385 referendas
401 3343 466 3386 esse
488 3328 718 3385 consentaneum
739 3327 802 3387 ests
823 3327 886 3384 tum
907 3320 1065 3398 genetivus
1080 3323 1234 3381 insidiosae

208 3428 334 3485 matianis
361 3428 399 3486 ad
430 3426 596 3507 equitatum
624 3427 811 3486 Numidarum
843 3426 908 3505 (cir.
935 3423 964 3499 7,
987 3431 1023 3496 6;
1053 3424 1103 3500 73,
1127 3423 1159 3503 2)
1188 3443 1234 3484 re·

208 3530 359 3589 vocandus
381 3534 412 3590 et
433 3550 486 3608 que
507 3530 654 3608 particula
675 3529 802 3591 delenda
823 3534 878 3591 est.

292 3651 381 3709 usque
408 3635 557 3712 quicquam
587 3633 685 3693 solatis
710 3636 740 3692 iu
758 3633 928 3711 praesentia
950 3651 1040 3709 aeque
1062 3630 1171 3689 ausilii
1191 3625 1234 3708 [in

208 3753 325 3793 suorum
347 3734 481 3818 coasilio]
502 3735 776 3797 animadvertebant.

279 3886 304 3952 1)
321 3889 387 3938 Ante
404 3904 422 3936 a
438 3889 546 3938 litteram
563 3889 768 3938 rescribendum
785 3901 840 3938 sess
857 3902 888 3936 ex
905 3901 952 3936 usu
969 3884 1098 3948 scriptoris
1115 3883 1179 3931 bene
1191 3882 1234 3931 ob·

209 3975 319 4023 servavit
335 3975 377 4025 W.

279 4057 304 4128 2)
321 4075 351 4108 as
368 4060 425 4121 apri
439 4065 592 4115 vestararium
611 4061 635 4122 7,
653 4062 678 4113 4.
