2872 4778
603 393 840 460 ..109-

205 567 330 639 deiectis,
353 570 384 627 11
407 572 435 640 9,
460 573 477 624 2
497 577 565 644 post
586 588 631 640 se;
654 567 719 628 sim.
744 569 845 643 17,1;
870 569 969 640 27,1;
993 572 1043 642 40,
1067 573 1102 643 8;
1128 574 1177 642 80,
1200 573 1236 642 53

207 675 256 744 83,
280 676 307 729 2.
351 671 460 749 Itaque
484 674 514 729 et
536 669 552 749 §
577 677 594 730 3
619 671 665 731 W.
688 671 859 731 coniectura
881 673 956 731 11111
979 678 1024 732 111
1051 680 1233 748 ponteclem

206 770 414 851 [elephantos].
438 772 599 832 collocatio
615 774 755 846 insolens,
772 794 830 852 qna
841 774 1023 852 praepositio
1036 778 1066 833 et
1078 792 1185 833 nomen
1197 793 1235 832 ex

204 875 257 934 illa
271 877 406 951 pendens
421 875 570 954 dirempta
585 881 655 935 sunt
670 877 728 936 alia
743 878 858 950 rocula,
880 877 1050 936 defenditur
1065 874 1137 935 locis
1154 897 1170 934 a
1187 875 1233 936 W.

206 978 264 1036 iam
287 978 401 1037 citatis:
424 978 499 1054 Nep.
516 979 601 1038 Eum.
621 984 668 1051 18,
688 984 700 1037 1
727 985 757 1038 11
772 980 852 1039 8111.
876 981 912 1037 de
928 998 1047 1054 gramm.
1067 984 1113 1037 16.
1149 979 1234 1038 Addo

205 1100 243 1137 ex
265 1080 416 1142 Ciceronis
443 1081 480 1141 de
503 1081 553 1141 fin.
576 1082 619 1154 II,
645 1086 693 1155 13,
718 1087 757 1141 43
785 1091 853 1159 post
873 1085 945 1140 enim
970 1083 1159 1158 Chrysippum
1182 1081 1234 1140 ubi

205 1183 360 1245 Madvicus
376 1184 462 1259 plura
476 1184 565 1242 huius
578 1183 755 1244 insolentiae
769 1185 905 1264 exempla
917 1184 1111 1244 Ciceroniana
1123 1184 1234 1244 1111111.

290 1287 389 1365 ipsam
418 1291 518 1346 autem
548 1286 623 1347 aciei
646 1287 876 1363 descriptionem
898 1286 969 1348 satis
992 1290 1146 1348 obscurem
1170 1306 1234 1345 esse

206 1392 338 1447 constat:
362 1387 410 1448 cui
432 1388 607 1449 obscuritati
623 1391 669 1450 W.
688 1389 845 1450 Davisium
860 1394 979 1448 secutus
994 1389 1094 1449 verbis
1110 1407 1128 1446 o
1144 1390 1233 1466 11311-

204 1493 297 1549 trariis
313 1491 453 1550 militibus
468 1491 609 1566 delendis,
626 1491 828 1571 Nipperdeins
840 1511 910 1552 vcro
926 1491 967 1550 ita
983 1489 1097 1551 mederi
1112 1496 1234 1551 conatus

204 1603 258 1668 est,
280 1599 314 1653 ut
336 1597 366 1653 in
389 1594 819 1654 11111111-11111111111111
841 1601 987 1654 resecaret
1008 1597 1135 1674 (quaest.
1151 1595 1231 1655 Caes.

207 1697 289 1775 217).
333 1700 432 1756 Antea
462 1696 541 1756 enim
574 1716 684 1757 cornua
710 1716 746 1756 nc
769 1701 994 1757 commemorata
1017 1697 1135 1777 quidem
1159 1717 1232 1770 esse,

204 1801 398 1879 sequentibus
435 1803 535 1859 autem
573 1800 650 1859 nihil
682 1800 803 1873 referri,
841 1820 928 1879 quam
962 1802 998 1858 ob
1029 1820 1093 1860 rem
1123 1820 1233 1860 cornua

203 1903 331 1979 duplicis
364 1902 438 1963 aciei
471 1901 601 1979 speciem
633 1905 776 1980 praebere
807 1904 969 1981 potuerint.
1020 1905 1131 1963 Contra
1160 1904 1233 1962 haee

204 2007 381 2065 monendum
405 2011 451 2064 est
472 2005 645 2081 scriptorem
669 2026 728 2065 non
751 2006 916 2065 describere
931 2006 1018 2079 velle,
1042 2026 1101 2084 qua
1116 2006 1232 2066 ratione

203 2108 281 2168 acies
303 2107 451 2187 Scipionis
481 2112 546 2168 orta
575 2108 614 2169 sit
643 2108 735 2188 (quod
758 2129 819 2168 non
842 2108 961 2185 potuit),
992 2111 1044 2168 sed
1067 2108 1163 2187 qualis
1184 2109 1231 2166 in·

203 2215 314 2271 structa
329 2211 407 2271 acies
421 2211 611 2271 intuentibus
626 2212 810 2272 Caesarianis
826 2231 890 2272 sese
906 2212 1058 2274 obtulerit.
1089 2213 1233 2289 Spectant

203 2318 301 2374 antem
324 2315 396 2373 baec
418 2316 510 2375 verba
532 2316 570 2375 ad
591 2316 684 2376 solam
706 2315 799 2376 aciem
814 2317 916 2387 Iubae,
939 2315 987 2374 cni
1009 2322 1127 2392 praesto
1147 2318 1233 2374 erant

203 2419 340 2477 cohortes
369 2416 479 2493 viginti
510 2422 658 2496 quattuor.
709 2421 773 2478 Iam
804 2426 903 2479 eutem
935 2437 1001 2476 cum
1032 2417 1147 2494 Scipio,
1185 2418 1233 2477 cui

202 2527 288 2580 erant
309 2520 442 2596 legiones
465 2526 531 2581 octo
554 2522 617 2600 (20,
641 2521 681 2598 2),
706 2521 801 2607 aciem
822 2519 1000 2581 instruxisse
1022 2523 1172 2597 putandus
1193 2521 1234 2580 sit

202 2623 364 2699 triplicem,
397 2624 441 2684 ita
472 2628 507 2685 ut
535 2625 568 2684 in
599 2626 698 2685 fronte
727 2624 913 2684 tetenderint
945 2625 1080 2684 cobortes
1109 2625 1233 2699 triginta

202 2729 286 2800 duae,
309 2727 444 2807 sequitur
465 2728 580 2802 Iubam,
604 2728 654 2806 qui
678 2748 775 2787 secum
798 2728 927 2788 habebat
949 2729 1084 2787 cohortes
1107 2727 1231 2802 triginta

201 2830 271 2909 (1111
293 2830 346 2890 cfr.
371 2835 420 2903 48,
447 2832 476 2910 1)
499 2831 634 2891 deductis
657 2836 756 2891 tamen
781 2830 824 2890 VI
846 2834 950 2889 contra
972 2829 1112 2889 Gaetulos
1134 2829 1231 2888 missis

201 2931 265 3010 (52,
281 2931 324 3007 2),
348 2932 440 2992 aciem
462 2933 642 2994 instruxisse
665 2933 831 3009 simplicem
854 2938 884 2991 et
905 2935 1030 3008 propter
1053 2931 1231 3009 paucitatem

201 3036 244 3095 ita
266 3042 455 3096 extenuatam
480 3038 563 3098 etin
585 3036 802 3113 longitudinem
825 3035 964 3096 directam
982 3035 1049 3110 (cfr.
1069 3038 1116 3106 14,
1137 3035 1174 3108 1),
1197 3039 1232 3091 11

202 3139 373 3199 cohortibus
409 3139 470 3199 suis
507 3140 639 3199 XXIIII
676 3138 864 3198 latitudinem
901 3140 1044 3216 aequaret
1081 3135 1230 3211 Scipionis

202 3243 338 3303 XXXII.
372 3243 484 3304 Tamen
505 3243 634 3323 simplex
656 3245 729 3303 haec
751 3242 827 3302 acies
843 3240 1026 3300 Caesarianis
1045 3239 1077 3297 11
1093 3237 1230 3298 11111111

202 3346 315 3422 duplex
346 3345 413 3408 visa
443 3352 496 3420 est,
528 3347 611 3406 onius
640 3346 684 3406 rei
716 3365 802 3405 causa
829 3346 954 3404 fortasse
976 3343 1047 3402 inde
1068 3343 1230 3419 repetenda

201 3455 254 3522 111,
278 3450 357 3528 quod
378 3448 411 3507 in
433 3453 559 3529 utroque
581 3469 672 3509 cornu
695 3449 791 3509 omnis
814 3447 890 3508 levis
912 3452 1060 3507 armatura
1082 3452 1149 3525 post
1170 3445 1229 3504 ele·

202 3552 329 3627 phantos
360 3552 521 3613 substitute
554 3557 623 3612 ante
657 3558 689 3612 et
719 3552 805 3611 iuxta
830 3551 911 3617 ‚bano
941 3549 1035 3610 aciem
1064 3549 1229 3624 simplicem

202 3658 387 3728 cernebatur,
416 3654 459 3716 111
488 3662 523 3716 11
552 3655 667 3716 altioris
697 3654 772 3714 aciei
794 3655 825 3712 in
848 3653 987 3714 cornibus
1009 3651 1136 3711 maxime
1158 3651 1230 3708 den-

202 3766 282 3818 satae
304 3757 434 3835 suspioio
456 3759 487 3818 in
510 3759 754 3820 caesarianorum
777 3761 912 3816 oreretur
934 3755 1049 3815 animis.

286 3861 322 3920 ob
338 3863 508 3939 legionariis
523 3862 662 3921 militibus
677 3862 768 3920 verba
783 3865 853 3919 sunt
867 3859 1015 3935 ambigua,
1033 3876 1108 3939 quac
1125 3855 1229 3935 utique

203 3969 339 4041 spectent
361 3985 480 4026 necesse
502 3972 548 4026 est
569 3966 606 4024 ad
622 3965 812 4024 Caesarianos
834 3963 997 4023 intuentes.
1033 3962 1115 4019 Haec
1137 3959 1229 4034 sigui-

201 4065 301 4126 ficatio
322 4068 488 4146 legentium
510 4068 616 4129 animis
638 4067 740 4128 statim
758 4087 790 4129 se
806 4066 895 4128 offert
909 4069 1071 4145 praecunte
1085 4063 1229 4125 adverbio
