2872 4778
609 340 824 408 -98-

199 516 312 594 obrr'pr‘,·
337 515 382 574 ou
402 536 433 575 se
447 519 476 575 r‘o
492 517 613 575 misertis
627 533 762 594 orsumque
774 515 859 591 fidem
876 514 1097 593 implorantibus
1115 516 1231 574 auxilio

200 652 242 664 -
265 639 326 678 esse
347 639 403 678 oon
423 639 516 696 posse.

286 724 334 785 W.
365 724 532 781 tracoidondr'
557 722 733 783 vocobulum
764 722 828 783 loco
858 725 973 794 movet,
1007 721 1088 800 qnod
1109 720 1143 780 in
1167 738 1232 780 cae·

200 825 307 885 dendis
337 825 494 901 pecoribus
517 826 598 884 nulla
619 825 694 885 insit
715 825 884 886 crudelitas.
927 823 1013 898 Sene,
1046 823 1233 883 eihomines

200 930 237 987 nd
260 928 372 988 victum
395 927 575 988 cotidianum
591 948 682 1004 pecus
697 929 857 988 trucidant.
894 929 937 986 At
951 927 1008 987 hoo
1022 927 1088 986 loco
1104 926 1233 1002 scriptor

201 1037 303 1092 narrat
332 1050 431 1107 pecus,
462 1032 541 1111 qnod
572 1050 631 1090 non
663 1031 812 1108 direptum
843 1034 929 1103 esset,
960 1029 1040 1088 ultro
1068 1034 1100 1087 et
1120 1033 1233 1089 temere

201 1136 380 1196 trucidatum
403 1154 478 1209 esse,
503 1135 533 1193 id
558 1137 638 1214 qnod
660 1141 741 1195 certe
762 1153 892 1193 summae
915 1136 961 1192 est
982 1131 1136 1194 saevitiae.
1175 1133 1232 1191 Sed

201 1236 321 1296 initium
354 1236 477 1296 alteriue
510 1237 659 1298 enuntiati
688 1238 730 1297 sic
759 1243 793 1296 ut
822 1236 922 1297 editur
952 1255 1056 1295 senum
1086 1254 1146 1294 non
1179 1242 1232 1294 est.

202 1343 278 1400 Num
306 1340 453 1417 particula
480 1360 548 1418 ·que
574 1340 757 1420 (suumque)
780 1359 847 1400 oum
873 1337 953 1397 nihil
978 1337 1141 1412 coniungat
1166 1357 1231 1396 sen-

202 1443 327 1504 tentiam
349 1445 458 1503 turbat.
496 1445 603 1524 Itaque
618 1445 665 1505 W.
689 1463 727 1503 ex
750 1447 836 1520 parte
851 1441 981 1501 codicem
996 1440 1091 1519 Aqui
1108 1443 1233 1517 praebet

203 1550 232 1606 r'u
256 1550 366 1606 moreris
389 1551 507 1607 secutus
530 1547 658 1607 coniecit
679 1548 724 1605 to
746 1565 776 1605 se
793 1548 907 1604 mr'serr's
921 1562 1058 1622 suamque
1070 1543 1164 1620 fidem
1182 1545 1232 1601 im·

198 1649 401 1726 plorantium
433 1648 475 1709 sic
501 1649 648 1726 particula
671 1649 790 1730 quidem
813 1652 883 1725 apta
905 1653 966 1722 est;
999 1647 1050 1706 sed
1073 1645 1147 1725 quid
1169 1651 1232 1704 tum

203 1750 262 1812 sibi
284 1751 359 1811 velit
374 1750 493 1810 dativus
509 1749 553 1810 tri
568 1754 689 1826 mr'srrala,
713 1771 810 1831 quove
826 1754 949 1827 spectet,
971 1748 1059 1828 plane
1075 1751 1233 1809 obscurum

203 1859 257 1915 eet.
286 1855 362 1912 Nam
379 1853 403 1913 si
420 1858 535 1930 spectet
550 1854 588 1913 ad
598 1857 750 1933 priorious
766 1859 796 1913 et
811 1853 926 1926 liberor,
945 1871 1085 1931 perversu
1100 1853 1234 1912 nuscitur

203 1956 362 2031 sententia,
385 1956 526 2036 quoniam
548 1957 580 2015 hi
603 1962 655 2017 aut
675 1956 828 2017 interfecti
850 1955 955 2015 autin
970 1955 1090 2014 vincula
1104 1954 1234 2014 coniecti

202 2061 291 2120 fidem
313 2060 445 2122 Caesaris
475 2060 634 2138 implorare
662 2079 722 2120 non
745 2059 803 2119 iam
827 2064 960 2136 possunt.
1004 2059 1110 2136 Itaque
1133 2077 1234 2117 neees-

203 2164 312 2225 sarinm
336 2169 389 2237 est,
413 2168 447 2224 ut
468 2164 524 2224 hoc
547 2162 734 2224 enuntiatum
749 2163 859 2223 habeat
873 2160 1025 2222 notionem
1040 2178 1236 2232 communem,

204 2287 262 2346 que
284 2269 322 2327 ad
345 2287 446 2328 omnes
469 2271 584 2344 spectet
605 2265 780 2344 provinciae
802 2264 930 2338 incolas;
952 2264 1028 2323 hunc
1043 2282 1236 2342 assequemur

203 2371 302 2430 deleta
323 2370 471 2447 particula
492 2390 566 2448 que:
595 2370 641 2428 lus
666 2390 697 2427 aa
719 2372 749 2427 r'o
774 2370 898 2427 maternis
919 2386 999 2426 ertum
1019 2366 1112 2443 fidem
1134 2367 1236 2443 stuplo-

204 2472 337 2531 rantibus
357 2509 391 2519 -
409 2474 521 2532 auxilio
543 2493 605 2532 esre
626 2493 682 2531 non
702 2493 797 2551 possa.
835 2470 919 2535 Quae
939 2471 1107 2531 emendatio
1123 2471 1235 2530 nullam

204 2573 411 2635 difficultatem
434 2578 567 2653 praebet,
591 2596 657 2637 cnm
679 2575 795 2634 librarii
815 2574 891 2635 mira
907 2575 1032 2654 quadam
1047 2573 1237 2649 neglegentia

203 2677 314 2737 versati
336 2677 452 2737 sintin
474 2680 628 2740 tractanda
650 2679 705 2738 hac
728 2678 882 2755 particula,
906 2697 994 2757 quum
1017 2677 1136 2753 saepius
1159 2676 1236 2737 maie

204 2786 255 2840 aut
280 2781 458 2842 addiderunt
479 2789 532 2843 aut
553 2782 717 2843 omiserunt
738 2781 839 2842 velut:
870 2786 898 2853 3,
922 2785 958 2855 43
982 2786 1011 2853 6,
1035 2785 1064 2854 6,
1088 2778 1123 2854 7;
1147 2785 1176 2853 9,
1203 2783 1235 2849 1;

208 2888 259 2960 11,
282 2890 317 2957 3;
344 2889 392 2959 18,
416 2890 434 2945 5
458 2885 528 2963 (bis)
552 2906 614 2965 eqs.

291 2988 341 3062 27,
366 2993 384 3047 2
417 2989 492 3066 qnod
518 3008 606 3066 aegre
631 2989 767 3066 tardeque
786 2985 902 3062 fiebat:
936 2985 1022 3044 rudes
1034 2986 1062 3065 ¹)
1084 2987 1158 3043 euim
1180 2986 1236 3044 ele-

203 3091 308 3170 phanti
327 3091 479 3150 multorom
502 3110 640 3151 nouorum
664 3093 798 3150 doctrina
818 3109 925 3167 usuque
939 3097 1048 3147 uetusto
1064 3091 1113 3146 urin
1129 3090 1232 3159 edocti,

207 3207 299 3253 tomen
323 3196 465 3252 communi
480 3195 613 3271 periculo
636 3197 665 3252 r'n
687 3196 776 3252 nerem
796 3194 1008 3272 producuntur.

291 3295 487 3356 Enuntiatnm
518 3316 578 3357 non
609 3301 669 3358 tam
700 3301 867 3357 contortum
895 3300 948 3368 est,
978 3301 1014 3356 ut
1036 3297 1084 3358 W.
1105 3295 1235 3356 videtur.

207 3399 361 3460 Sententia
383 3399 463 3460 enim
486 3401 558 3460 haec
580 3409 642 3462 est:
673 3400 827 3478 elephanti
849 3401 947 3474 rudes,
971 3399 1027 3459 etsi
1049 3399 1167 3458 diutina
1189 3397 1236 3459 vel

207 3501 342 3563 doctrina
363 3522 477 3583 usuque
499 3508 619 3565 vetusto
641 3524 729 3581 aegre
744 3503 862 3564 edoceri
879 3507 1011 3581 possunt,
1034 3508 1132 3563 tamen
1156 3518 1236 3560 cnm

208 3605 358 3666 communi
380 3606 520 3683 periculo,
535 3607 567 3667 in
590 3607 682 3669 aciem
697 3609 908 3686 producuntur.
943 3606 1089 3666 Audimus
1105 3605 1236 3665 Caesaris

206 3715 399 3783 veteranum,
430 3709 482 3789 qui
512 3710 553 3770 in
582 3710 863 3788 uuiversum)
894 3711 1120 3787 elephantorum
1143 3728 1237 3781 nsum,

280 3947 305 4015 1)
321 3949 394 3997 ruder
412 3964 458 3998 em.
477 3964 507 4000 n.
541 3947 618 3996 nuder
635 3963 658 3997 α.
695 3947 785 3996 audere
803 3949 826 4015 β.

278 4032 304 4100 2)
322 4035 444 4083 Praesens
468 4048 564 4094 quoque
589 4032 721 4082 edomatur
748 4035 904 4084 commendat
920 4035 985 4083 hanc
1002 4035 1238 4097 interpretationem.
