2872 4778
609 283 822 350 ..92-

200 465 277 535 rent,
299 459 502 539 stipendiariis
522 479 629 537 nempe
643 457 822 520 aratoribus.
854 457 938 519 Idem
954 456 1084 538 (lenique
1099 457 1229 537 scriptor

200 564 267 624 aliis
296 564 370 624 loeis
401 564 473 624 setis
503 563 644 624 frumeuti
677 563 710 622 in
733 561 837 622 Afriea
865 561 958 621 fuisse
989 563 1097 636 refert,
1129 561 1174 621 ita
1195 566 1229 622 ut

200 668 289 745 plane
321 667 430 727 oblitus
460 687 530 742 esse
553 667 699 739 videatur,
732 685 821 746 quam
842 665 1062 737 inconsiderate
1083 684 1149 725 rem
1171 665 1228 725 hoe

199 771 264 832 loeo
281 769 408 845 auxerit,
431 771 515 830 velut
531 775 579 844 36,
597 776 632 841 2;
656 771 706 841 67,
723 775 757 844 2;
781 775 810 844 9,
831 772 864 842 1;
888 773 919 828 66
934 772 983 842 66,
1002 772 1017 827 1
1036 768 1229 842 frumentum,

202 875 281 956 quod
303 874 429 948 incolae,
452 873 516 935 siue
533 873 622 934 dubio
639 878 780 946 aratores,
802 873 858 933 666
872 877 954 932 terra
968 872 1123 932 eonditum
1137 873 1228 932 habe·

201 980 284 1052 bant,
306 976 476 1055 exprioris
498 976 570 1037 anni
593 996 688 1037 messe
710 975 802 1036 fuisse
825 980 916 1053 patet.
955 974 1071 1039 Quibus
1094 994 1134 1035 ex
1155 974 1228 1035 loeis

201 1081 338 1161 sequitur
370 1080 497 1158 primum
528 1081 629 1159 priore
663 1099 742 1139 6666
777 1098 902 1140 messem
938 1080 1088 1138 iselam
1122 1098 1229 1151 esse,

201 1185 310 1244 deinde
332 1188 431 1245 autem
453 1183 599 1258 agrieolas
621 1204 662 1243 ex
678 1188 762 1260 parte
778 1187 905 1256 tautum,
928 1180 1139 1282 stipendiarios
1155 1181 1230 1254 dieo,

87 1367 88 1370 Ἴ
201 1287 385 1366 senseriptos
408 1307 481 1349 esse.

288 1396 339 1465 22,
364 1395 378 1450 1
412 1393 455 1450 M.
482 1393 554 1450 Cute
584 1423 624 1434 ·-
656 1391 709 1449 Cn.
734 1389 896 1467 Pompeium
923 1389 1020 1447 mullis
1042 1388 1137 1447 verle's
1159 1406 1231 1446 asss-

201 1496 308 1573 666666
330 1494 488 1572 obiurgare
511 1491 581 1576 [non
603 1489 785 1574 deseratus}

290 1598 338 1658 W.
361 1616 418 1656 666
432 1597 586 1656 desistebat
606 1595 745 1657 reseeuit.
779 1595 920 1677 Requirit
935 1594 1014 1655 enim
1029 1599 1149 1672 tempus
1164 1613 1231 1672 per-

202 1703 312 1760 festum
348 1705 472 1778 propter
502 1700 633 1760 additam
664 1699 808 1778 temporis
837 1698 991 1760 notionem
1022 1702 1052 1758 et
1078 1700 1231 1756 aueterem

202 1803 287 1864 verbi
318 1802 474 1862 desistendi
500 1822 568 1864 aum
598 1804 757 1880 negatione
787 1801 939 1864 eoniuneti
962 1821 1053 1860 unum
1076 1799 1232 1859 admisisse

202 1908 378 1986 perfeetum.
407 1907 455 1967 W.
471 1905 562 1968 nimis
577 1926 680 1968 severe
695 1906 842 1968 iudieasse
857 1906 988 1968 ridetur.
1019 1903 1094 1962 Mihi
1111 1902 1232 1982 quidem

201 2012 260 2070 hoa
287 2009 353 2070 loeo
375 2011 582 2089 imperieatum
603 2011 697 2071 multo
721 2011 819 2088 aptius
841 2009 962 2072 videtur
983 2011 1107 2087 propter
1129 2004 1230 2066 obiur-

203 2115 354 2189 gatiouem
377 2114 527 2175 assiduam
550 2120 581 2175 et
602 2116 749 2175 iteratam.
788 2114 840 2174 eir.
864 2118 914 2186 29,
939 2118 956 2170 6
981 2112 1057 2189 qued
1078 2108 1130 2168 uti
1149 2128 1233 2167 sae·

200 2219 293 2294 pius
305 2216 414 2298 secere
435 2238 492 2277 non
515 2221 654 2277 interm
664 2217 820 2278 r'ttelut.
850 2218 952 2295 Ipsum
968 2212 1129 2274 desistendi
1145 2230 1232 2274 voea-

203 2320 266 2381 buli
288 2319 495 2398 imperfeetum
517 2341 585 2382 raro
610 2320 730 2402 quidem
753 2321 805 2381 sed
819 2325 919 2380 tamen
935 2323 1107 2395 usurpatur.
1140 2314 1233 2378 Velut

205 2423 319 2497 (lieero,
351 2423 403 2502 qui
434 2427 465 2484 in
497 2425 682 2486 orationibus
704 2429 735 2484 66
756 2423 877 2503 seriptis
898 2419 1117 2500 philosophieis
1139 2417 1231 2479 vieies

205 2531 329 2601 usurpet
343 2528 517 2602 perfeetum,
534 2527 579 2586 bis
593 2528 769 2606 imperfecto
785 2527 880 2587 utitur
890 2525 966 2586 loeis
976 2524 1047 2584 huie
1058 2521 1231 2583 simillimis:

204 2626 262 2701 lag.
277 2628 396 2701 agraria
410 2629 453 2702 II,
472 2633 509 2688 12
533 2632 644 2689 interea
667 2650 724 2690 nen
745 2630 900 2689 desistebat
913 2630 987 2688 elam
1002 2629 1111 2686 venire.
1145 2624 1232 2686 Verr.

203 2729 247 2804 ΙΙ,
272 2733 309 2789 61
334 2731 423 2789 seinai
441 2733 515 2791 s'llud
536 2736 639 2793 riarum
659 2735 811 2812 postulare
832 2753 889 2793 nen
911 2728 1094 2791 dessitetaat.

291 2832 476 2915 Quicumque
499 2838 620 2898 6666616
651 2838 817 2898 orationem
847 2855 912 2915 eap.
938 2841 977 2895 22
1002 2833 1127 2894 relatam
1149 2828 1232 2904 legit,

204 2939 302 3000 166666
324 2959 386 2999 666
405 2946 514 3017 potest,
537 2942 609 3022 quin
626 2942 770 3003 consedet
783 2941 873 3000 huius
888 2940 983 3019 partis
999 2937 1128 2999 66166666
1143 2933 1233 3011 plane

203 3042 316 3103 distare
338 3044 376 3103 ab
398 3044 515 3124 reliquo
538 3044 762 3106 summenterio.
807 3043 907 3103 Genus
937 3040 1057 3103 diaendi
1078 3044 1123 3098 666
1145 3037 1232 3097 6666·

203 3146 322 3207 rimum.
366 3148 539 3227 Synonyma
568 3153 601 3208 ut
631 3149 663 3208 in
696 3148 832 3208 oratione
859 3166 918 3227 qua
939 3147 1056 3207 animus
1078 3144 1233 3203 moveatur

201 3232 286 3323 large
325 3250 445 3330 quidem
482 3257 513 3310 66
543 3251 663 3331 eopiosa
698 3257 798 3312 tamen
828 3255 897 3328 apte
928 3254 959 3309 66
988 3248 1062 3308 suite
1091 3246 1234 3322 usurpata

206 3356 284 3412 sunt.
322 3353 464 3430 Inprimis
486 3359 590 3415 666666
611 3355 642 3414 id
665 3355 736 3431 egit,
758 3360 793 3415 66
815 3354 933 3430 singula
954 3350 1111 3413 enuntiata
1133 3345 1233 3422 gravi·

206 3455 261 3514 bus
290 3454 477 3538 integrisque
508 3464 687 3519 ornarentur
718 3458 868 3518 elausulis.
912 3456 970 3516 Sed
1000 3455 1032 3514 in
1062 3454 1120 3513 hae
1148 3454 1234 3511 66666

205 3559 342 3618 ubertate
374 3559 468 3620 oratio
500 3559 722 3636 elegentissime
754 3560 907 3622 desumit:
943 3558 1056 3618 nullam
1089 3555 1233 3614 habemus

207 3666 386 3721 strueturam
416 3664 516 3724 laxam
545 3667 597 3723 666
623 3666 737 3738 duram,
769 3664 882 3724 nullam
903 3663 1063 3725 verborum
1086 3654 1233 3735 eompesi-

205 3763 298 3823 tionis
327 3766 482 3828 molestam
510 3767 710 3847 asperitatem.
755 3766 862 3847 Itaque
894 3772 958 3826 6666
980 3766 1054 3826 haee
1076 3760 1172 3822 oratio
1195 3759 1234 3819 66

206 3867 336 3927 austeris
359 3871 563 3931 eommenterii
586 3870 709 3945 ingenio
725 3875 771 3930 est
785 3869 894 3931 aliena.
930 3869 996 3929 Iam
1012 3869 1037 3928 si
1053 3864 1234 3948 quaerimus,

209 3985 267 4048 qua
288 3970 405 4030 ratione
428 3973 504 4033 mira
525 3975 600 4034 haee
620 3972 711 4033 huius
734 3973 854 4047 eelogae
876 3974 913 4032 ab
935 3971 1060 4053 reliquis
1075 3966 1234 4031 diversitas
