2872 4778
607 313 824 378 ..95-

199 487 342 562 librarius
372 486 482 547 cadius
513 507 536 544 a
566 487 787 547 inconsiderate
812 506 985 548 succurrere
1007 489 1134 563 studuit,
1167 509 1232 549 oum

200 592 328 652 alterum
348 590 541 668 participium
555 589 720 652 indicativo
736 592 826 648 ns'ttit
839 595 978 652 mutaret.
1012 591 1119 651 Totius
1134 599 1233 653 autem

202 695 350 754 enuntiati
381 700 560 753 sudaturam
593 712 694 752 sanam
727 712 788 752 non
810 713 876 753 esse
897 700 989 771 patet
1032 695 1145 774 Itaque
1168 698 1232 756 Em.

202 798 375 857 Hoffmann.
406 797 552 856 excidisse
585 801 668 855 ratus
698 795 898 870 infinitivum,
932 797 985 876 qui
1014 799 1163 875 penderet
1195 819 1233 860 ex

203 900 382 960 instituendi
404 900 509 972 verbo,
531 899 684 977 supplevit
705 902 760 957 cam
782 919 859 958 nunc
878 919 993 977 gerere.
1041 899 1141 966 Quam
1164 922 1232 962 cou-

203 1005 347 1063 iecturam
371 1003 417 1062 W.
441 1020 559 1082 quoque
582 1003 738 1080 amplexus
760 1009 815 1077 est,
841 1004 902 1082 qui·
916 1003 1018 1065 verbis
1039 1005 1165 1065 mutatis
1186 1005 1233 1065 in·

204 1108 299 1167 seruit
320 1108 409 1164 hicme
427 1124 542 1182 gerere.
582 1105 641 1165 Sed
663 1112 693 1165 et
714 1104 832 1166 facilius
855 1111 886 1166 et
900 1107 1068 1182 elegantius
1084 1113 1234 1168 structura

206 1212 390 1284 emendatur,
413 1209 439 1268 si
462 1229 501 1268 ex
516 1209 680 1284 Kiesslingi
703 1210 876 1270 coniectura
898 1230 951 1288 que
972 1211 1124 1288 particula
1138 1212 1235 1272 deleta

204 1334 258 1393 pro
289 1316 417 1373 instituit
437 1313 608 1373 restituitur
629 1316 752 1372 incutit:
780 1332 844 1372 cum
866 1323 951 1372 antea
973 1318 1174 1374 constituisset
1193 1350 1234 1360 -

206 1425 316 1476 aestate
339 1418 410 1474 im'ta
433 1451 475 1462 -
497 1416 600 1475 bellum
623 1450 666 1459 —
686 1435 803 1493 gerere,
828 1419 937 1476 institit
958 1414 1148 1499 ls'tteris[que]
1163 1421 1234 1478 cels·

205 1521 279 1577 riter
305 1521 335 1578 in
359 1520 491 1578 Siciliam
515 1521 554 1577 ud
574 1521 616 1576 A.
640 1528 670 1577 et
690 1520 725 1577 lt.
749 1518 783 1577 P.
807 1522 977 1597 conscriptis
998 1529 1029 1578 et
1054 1553 1098 1564 -
1128 1524 1232 1593 messis,

206 1631 240 1678 ut
257 1658 310 1678 —.
349 1623 404 1682 cfr.
427 1621 540 1683 (lulum.
566 1626 614 1696 12,
640 1627 659 1680 3
683 1627 702 1681 9
726 1624 856 1681 institere
877 1621 1062 1705 citiensibus,
1087 1633 1121 1682 ut
1141 1625 1236 1702 supel-

207 1724 328 1782 lectilem
351 1733 509 1800 reponant.

293 1827 342 1888 W.
374 1832 473 1886 autem
501 1827 631 1905 primum
661 1828 782 1888 seclusit
810 1830 905 1890 verbu
934 1831 1087 1888 estatiois
1115 1833 1232 1888 castris

206 1930 446 2006 Discrepantiam
479 1932 558 1991 enim
592 1932 727 1993 codicum
760 1932 866 1992 docere
899 1942 1009 1991 aestate
1041 1933 1171 2011 primum
1204 1933 1236 1991 in

206 2037 337 2109 aestates,
359 2054 431 2094 mox
451 2035 483 2093 in
504 2037 619 2094 statr'uis
640 2035 759 2095 abiisse.
796 2039 839 2094 At
861 2054 920 2115 qua
941 2036 991 2097 via
1005 2024 1113 2095 castris
1132 2042 1236 2095 nutum

208 2138 255 2212 sit,
286 2139 345 2197 hoc
375 2138 462 2198 modo
484 2139 535 2198 W.
556 2158 617 2197 non
641 2138 788 2216 explicat;
818 2138 925 2198 deinde
946 2138 978 2197 in
1002 2139 1113 2198 nullo
1137 2138 1237 2199 codice

209 2241 320 2316 legitur
342 2243 473 2300 aestatis.
513 2241 621 2321 Itaque
642 2243 718 2301 haec
740 2259 829 2302 causa
850 2240 938 2300 nihili
957 2246 1012 2302 est.
1050 2241 1096 2300 De
1112 2241 1238 2322 reliquis

209 2363 283 2423 quas
299 2342 347 2404 W.
369 2345 485 2423 profert
507 2349 612 2422 utpote
633 2344 751 2405 levibus
766 2344 842 2402 nihil
857 2344 963 2404 dicam.
981 2345 1073 2404 ‚Nam
1088 2345 1114 2403 si
1130 2345 1239 2404 Caesar

208 2447 240 2505 in
257 2447 356 2504 enimc
372 2446 480 2506 habuit
495 2452 609 2506 aestate
624 2447 743 2506 demum
757 2447 834 2507 inita
848 2447 977 2506 bellandi
992 2447 1093 2507 facere
1107 2447 1237 2520 initium,

208 2549 260 2606 ubi
292 2549 405 2607 versari
436 2548 527 2608 vellet
560 2568 615 2625 per
636 2550 773 2623 hiemem,
805 2550 1006 2630 quaerendum
1028 2550 1057 2610 ei
1078 2550 1144 2610 fuit.
1191 2552 1238 2610 Ex

209 2651 267 2709 hoc
288 2649 381 2724 igitur
402 2650 469 2710 loco
492 2650 632 2712 discimus
655 2673 722 2712 eum
740 2653 871 2715 voluisse
886 2673 998 2732 ponere
1015 2658 1113 2713 castra
1128 2653 1238 2716 stativa

208 2752 257 2815 vel
281 2752 416 2813 hiberna.
453 2755 507 2814 cfr.
531 2756 615 2829 47,2
638 2756 679 2814 ad
698 2757 752 2814 hoc
778 2789 812 2802 -
838 2758 1042 2815 incommodum
1061 2766 1234 2827 accesserat,

209 2860 285 2934 quod
307 2857 416 2916 Caesar
445 2878 502 2917 non
533 2890 574 2900 —
604 2861 641 2917 in
673 2858 808 2918 libera
818 2862 851 2917 is
881 2863 1037 2918 coercitum
1060 2859 1235 2919 continebat.

296 2959 412 3021 Deinde
442 2963 535 3023 verba
566 2964 596 3020 in
620 2962 766 3036 Sicilsam,
800 2981 867 3022 oum
897 2962 998 3023 statim
1028 2969 1171 3044 sequatur
1201 2962 1240 3021 ud

209 3064 346 3123 Alienum
375 3074 406 3122 et
425 3064 497 3125 Ital.
520 3064 607 3137 Post,
641 3066 793 3145 superflua
822 3086 886 3125 esse
908 3067 955 3126 W.
987 3067 1152 3127 contendit.
1197 3071 1238 3126 At

210 3167 291 3226 hunc
316 3167 491 3246 scriptorem
514 3168 633 3245 saepius
655 3169 806 3230 abundare
828 3170 860 3228 in
885 3169 1104 3243 significatione
1125 3171 1185 3230 loci
1208 3175 1238 3230 et

212 3269 353 3346 temporis
364 3271 430 3347 (cfr.
443 3289 509 3348 pag.
522 3276 571 3345 52,
583 3272 616 3349 3)
631 3271 767 3350 exempla
782 3274 891 3333 docent
905 3274 1075 3353 sequentia:
1092 3278 1141 3348 33,
1154 3278 1237 3333 u-4

212 3371 358 3430 Salustius
379 3407 422 3416 —
441 3384 563 3450 praetor
577 3407 619 3417 -
634 3394 721 3434 naues
735 3379 887 3435 onerarias
905 3408 948 3421 -
970 3379 1007 3435 in
1031 3387 1170 3435 castro
1193 3376 1240 3434 ad

212 3474 417 3534 Caesarem
449 3478 546 3534 mittit.
594 3478 720 3536 Alienus
749 3511 790 3521 -
818 3479 991 3555 proconsule
1017 3513 1058 3524 --
1086 3480 1238 3538 secundum

210 3588 393 3637 commeatum
423 3582 460 3638 in
489 3579 670 3656 Africam
702 3583 792 3639 mittit
819 3585 866 3641 ad
895 3584 1112 3642 Caesarem.
1166 3588 1237 3657 4,2

210 3682 325 3741 litteras
344 3716 379 3728 -
396 3687 512 3759 captiuo
530 3684 581 3741 aa!
599 3682 788 3760 perferendas
810 3687 847 3743 in
869 3684 1053 3763 oppidum
1076 3687 1123 3742 ad
1145 3686 1239 3744 Con·

209 3784 364 3845 sidium.
411 3787 478 3846 Hoc
507 3786 573 3847 loco
602 3787 693 3848 verba
724 3786 818 3847 multo
848 3788 942 3863 magis
963 3789 1118 3864 languent.
1161 3789 1241 3848 Nam

212 3887 384 3947 Considium
415 3889 524 3967 oppido
550 3907 687 3967 praeesse
709 3894 814 3948 auctor
835 3897 1012 3952 narraverat
1033 3891 1239 3953 antecedentis

212 3989 318 4067 capitis
350 3990 448 4050 initio.
503 3992 613 4050 Nostro
647 4004 746 4048 autem
778 3991 844 4052 loco
878 3994 998 4054 Siciliae
1031 3994 1143 4056 mentio
1176 3996 1239 4054 tere
