2872 4778
551 343 780 414 ..m-n

140 515 277 579 insolitae
300 523 371 579 sant
391 522 443 580 aut
464 523 543 581 certe
566 521 689 596 ambage
712 521 868 582 offendunt
880 519 918 600 1).
955 522 1091 604 Denique
1108 522 1168 584 iam

140 623 260 682 Froehl.
292 622 336 700 (I,
370 627 408 681 at
434 623 510 702 seq.)
546 624 759 685 animadvertit
789 629 940 685 auctorem
970 626 1168 688 libentissime

140 728 298 785 verborum
328 746 471 803 usurpare
501 727 740 805 compositiones,
771 749 847 808 quae
876 728 995 804 gravius
1024 731 1061 790 ad
1083 751 1169 792 aures

140 828 284 889 accidant.
337 831 405 890 Hac
434 834 571 908 spectant
600 851 667 890 cum
698 829 727 890 ci
756 831 829 904 loci,
869 831 976 910 quibus
1006 834 1169 910 composita

140 932 261 1009 propria
297 932 424 1009 praefixi
460 933 492 992 vi
528 933 664 1010 neglecta
700 938 842 1010 usurpata
871 939 941 994 sunt
970 955 1024 1012 pro
1054 936 1170 1013 simpli-

141 1034 224 1095 cibus
236 1035 274 1113 l),
297 1041 361 1096 tum
375 1035 513 1113 inprimis
529 1039 698 1116 anaphoras
711 1038 749 1116 3),
772 1037 910 1117 asyndcti
925 1039 1117 1117 polysyndeti
1127 1038 1168 1116 4),

144 1191 202 1197 --
207 1192 347 1199 .—...-—-

209 1295 236 1354 l)
256 1294 325 1341 velut
339 1296 379 1354 11,
392 1295 408 1340 t
428 1291 496 1359 [snae
507 1289 591 1360 naues]
608 1293 635 1341 in
650 1294 751 1342 muers
761 1294 957 1343 aduersariorum
969 1295 1037 1360 (cum
1049 1296 1168 1350 chiasmo.

141 1379 184 1425 cfr.
210 1379 275 1426 intra
298 1380 330 1426 sd
354 1381 420 1427 hunc
440 1380 540 1440 locum).
577 1380 653 1437 45,t
678 1380 707 1426 de
723 1381 815 1440 nepotio
836 1380 938 1429 desistas
961 1381 1002 1445 (de
1018 1381 1168 1442 praepositio

140 1480 242 1525 prorsus
259 1466 368 1526 languet,
387 1467 431 1513 cfr.
450 1467 491 1523 81,
505 1470 518 1515 1
538 1466 611 1514 caede
623 1467 752 1530 desistm3
769 1467 827 1515 boli.
842 1466 906 1513 Gall.
920 1469 942 1527 Ι,
955 1468 997 1525 45,
1011 1471 1041 1529 13
1060 1468 1108 1514 civ.
1121 1469 1168 1526 III,

142 1553 199 1610 112,
214 1555 242 1598 11
256 1551 348 1612 mantio
360 1551 489 1614 desistere).
519 1554 558 1610 18,
570 1556 587 1602 4
598 1552 634 1600 ad
645 1552 815 1612 insequendam
826 1555 915 1601 hostem
922 1552 1169 1613 perseverantiamque

140 1652 242 1685 cassam.
262 1641 303 1697 at,
315 1641 328 1685 2
343 1635 480 1706 [dalmatae]
494 1665 528 1675 -
540 1638 666 1700 deportare
679 1640 731 1702 (W.
741 1654 797 1686 cum
809 1639 893 1686 codice
902 1641 931 1686 A.
941 1639 1058 1699 &lipom
1069 1639 1169 1686 delevit.

141 1723 272 1783 Scriptoris
290 1724 356 1772 enim
374 1726 451 1773 aetati
469 1729 554 1785 aptum
571 1724 647 1773 fuisso
665 1725 790 1785 obliquatae.
819 1725 868 1773 Sed
886 1725 911 1772 in
929 1725 1062 1772 verborum
1073 1724 1169 1772 delectu

140 1808 303 1858 examinando
316 1811 356 1860 W.
375 1811 422 1859 sibi
441 1812 521 1871 ipsum
539 1825 589 1858 non
606 1815 720 1859 constare
742 1812 880 1859 luculenter
894 1811 966 1858 docet
979 1825 1038 1859 usus
1051 1810 1170 1858 edocendi

139 1895 255 1942 vocabuli
267 1896 321 1960 (at,
335 1894 369 1959 1),
387 1898 452 1956 quod
471 1897 560 1957 legitur
578 1912 607 1945 eo
626 1899 689 1956 loco,
707 1911 755 1957 quo
773 1901 800 1944 ut
812 1898 937 1958 glossema
950 1897 1004 1944 tolli
1016 1911 1066 1944 non
1079 1900 1170 1956 potest.

139 1981 226 2041 Itaque
245 1982 284 2029 W.
311 1987 338 2030 ut
355 1982 444 2043 probet
461 1985 509 2031 hoc
526 1996 581 2032 esse
598 1998 612 2031 e
630 1983 695 2031 bone
714 1983 834 2032 sermonis
853 1997 899 2031 usu
915 1983 946 2029 ad
965 1983 1021 2030 Aeli
1041 1983 1170 2043 Lampridi

140 2071 260 2126 provocat
287 2067 418 2116 verborum
442 2071 546 2129 copiam.
584 2070 717 2130 Delipandi
736 2077 817 2117 autem
836 2067 992 2129 vocabulum,
1018 2083 1073 2116 cum
1091 2082 1172 2128 soper-

138 2153 212 2211 flaam
235 2152 267 2200 sit
293 2155 415 2214 facileque
440 2154 516 2203 deleri
542 2156 629 2216 possit,
653 2156 739 2216 utique
757 2155 895 2204 eiciendum
913 2167 967 2201 esse
984 2159 1076 2213 censet,
1104 2154 1170 2212 quod
1207 2208 1214 2221 .

139 2239 252 2287 auctoris
269 2241 423 2301 temporibus
441 2242 541 2290 minime
559 2247 644 2302 aptum
663 2242 728 2302 apud
747 2247 860 2288 auctores
878 2245 989 2288 occurrat
1000 2242 1078 2288 multo
1089 2243 1171 2298 poste·

143 2325 222 2373 riores
241 2352 273 2362 -
292 2327 392 2375 Celsum
410 2328 505 2375 seilicet
524 2333 548 2376 et
565 2325 764 2388 Quintilianum.)
794 2326 845 2375 Sed
864 2326 948 2373 redeat
965 2326 1030 2373 unde
1048 2325 1172 2373 aberravit

142 2412 235 2458 oratio:
262 2412 320 2460 binc
343 2412 448 2474 denique
474 2414 634 2463 iudicandum
659 2418 696 2462 est
720 2413 751 2461 de
775 2411 922 2473 quibusdam
941 2410 1169 2470 compositionibus,

143 2510 203 2554 quas
230 2497 336 2557 scriptor
362 2501 484 2548 constanti
509 2501 560 2548 sera
581 2514 628 2548 usu
645 2503 749 2559 usurpat
767 2502 791 2546 et
808 2499 833 2544 in
853 2497 942 2559 quibus
959 2510 1095 2557 pronomen
1113 2510 1170 2556 pos·

142 2582 263 2631 sessivam
288 2598 389 2644 prorsus
413 2585 536 2634 abundat:
565 2587 638 2647 1s‚5
666 2600 697 2634 se
722 2586 759 2634 ad
782 2599 861 2633 suas
884 2584 1001 2645 temptant
1021 2581 1171 2630 manationes.

144 2670 183 2726 11,
204 2671 219 2716 2
243 2668 280 2716 ad
301 2685 361 2718 saa
379 2671 509 2732 praesidia
527 2686 595 2720 sese
613 2672 726 2732 recepere.
763 2674 802 2730 15,
823 2675 837 2719 6
863 2670 899 2717 ad
920 2684 979 2717 aaa
1004 2682 1036 2715 ee
1052 2667 1172 2728 recipisset

142 2754 219 2814 asena.
251 2758 291 2815 11,
306 2759 334 2817 13
353 2760 421 2816 tat
439 2773 470 2806 se
488 2758 524 2805 ad
540 2772 615 2805 sans
633 2759 746 2819 recepere.
782 2757 850 2816 10,6
868 2755 904 2803 ad
920 2769 992 2805 snos
1010 2769 1041 2801 se
1057 2753 1170 2815 recepere.

145 2842 185 2899 18,
203 2843 218 2888 5
237 2855 267 2889 ee
285 2842 322 2889 ad
337 2856 395 2890 aaa
407 2845 538 2904 praesidia
556 2843 674 2905 conferre.

213 2927 239 2990 2)
257 2930 370 2989 exempla
394 2930 468 2978 huius
486 2931 638 2990 elocutionis,
665 2931 691 2977 in
708 2944 758 2990 qua
774 2928 885 2989 praefixa
901 2941 951 2974 non
970 2926 1018 2974 nisi
1035 2925 1171 2985 maugan-

143 3012 199 3058 dam
227 3013 361 3061 verborum
393 3016 544 3077 simplicium
571 3017 621 3063 vim
648 3015 799 3076 respiciunt,
834 3015 886 3061 fere
911 3012 994 3060 omnia
1018 3011 1172 3071 collegerunt

144 3096 242 3146 Froehl.
262 3099 277 3144 l.
297 3114 319 3147 c,
338 3104 363 3147 et
379 3101 469 3150 Koehl.
488 3103 518 3165 (Ι,
536 3117 592 3163 pag.
607 3099 760 3164 ast-saa).
790 3097 1006 3148 Praeterviderunt
1022 3096 1100 3144 verba
1116 3110 1172 3156 per·

143 3183 260 3231 veniendi
277 3181 331 3250 (etr.
345 3187 376 3234 ad
391 3188 413 3246 1,
428 3185 452 3253 1)
472 3192 496 3236 et
513 3187 658 3236 occurrendi
671 3184 725 3254 (cfr.
738 3187 769 3234 ad
782 3188 822 3245 st,
836 3181 869 3252 l).
903 3185 964 3232 Hic
986 3197 1067 3231 usus
1085 3182 1172 3244 apud

142 3268 298 3317 Asinium
316 3287 379 3321 non
397 3275 560 3322 cernitur.

211 3352 239 3419 3)
256 3359 326 3405 velut
343 3361 400 3418 8,1
428 3359 465 3408 s'ta
487 3361 623 3421 inperabat
639 3387 672 3396 -
690 3358 726 3406 ita
748 3356 916 3420 praecepiebat
960 3357 1001 3414 31,
1020 3358 1035 3404 9
1053 3360 1087 3402 tot
1103 3352 1172 3400 rebat

141 3441 222 3500 nasas,
240 3445 359 3504 anone
377 3446 518 3494 aenan
537 3447 635 3496 asara
653 3453 687 3493 as
703 3451 753 3492 rae
771 3444 846 3492 ears,
864 3443 972 3492 senas
984 3441 1074 3502 pane.
1102 3441 1173 3498 ses

142 3533 165 3572 te
188 3542 293 3577 removeo
318 3531 432 3592 hodieque
456 3540 479 3579 te
501 3548 531 3580 en
549 3531 640 3591 Africa
657 3531 739 3578 abesse
757 3530 825 3579 iuteo
850 3529 896 3594 (sic
914 3542 970 3575 cum
987 3527 1073 3574 codice
1091 3526 1120 3573 L.
1132 3525 1173 3571 W.

143 3627 291 3674 quamquam
316 3632 452 3677 pronomen
475 3619 544 3681 prius
562 3630 612 3665 non
631 3618 656 3664 in
675 3617 810 3677 archetypo
828 3615 916 3673 extitit,
942 3618 1024 3660 tamen
1042 3611 1172 3659 Leidensls

143 3700 266 3760 scriptura
283 3703 389 3751 maxime
401 3703 511 3768 arridet).
541 3705 640 3764 &aare
657 3711 679 3751 te
697 3709 783 3751 ...te
800 3700 831 3748 ab
849 3700 954 3748 maesta
971 3697 1069 3746 deam
1101 3699 1172 3755 54,4

208 3786 274 3845 estod
290 3825 296 3837 .
311 3824 336 3836 ..
354 3789 441 3849 resisti,
460 3791 571 3850 qnodque
589 3788 745 3837 ...insstdis
760 3788 837 3846 fiand.

213 3871 241 3935 4)
258 3875 369 3934 Utraque
385 3880 507 3924 structura
524 3875 666 3936 saepissime
683 3889 743 3922 usus
760 3878 805 3933 est,
823 3877 896 3933 atque
908 3871 1035 3934 asyndeto,
1054 3874 1082 3916 ut
1092 3881 1174 3915 rerum

144 3963 268 4019 gestarum
287 3961 439 4010 celeritatem
457 3961 615 4022 significaret,
634 3975 689 4008 cum
706 3958 870 4022 polysyndeto
888 3957 1022 4018 legentium
1034 3954 1129 4002 animos
1142 3952 1174 4000 sd

144 4044 181 4097 rei
198 4046 347 4107 gravitatem
364 4047 512 4099 adverteret.
541 4046 696 4111 supersedeo
709 4045 824 4112 exempla
835 4057 967 4105 congerere
980 4041 1077 4102 omnis,
1095 4053 1175 4102 pauca
