2872 4778
611 332 827 413 ..73-

285 521 334 585 W.
358 521 531 597 genetivum
552 540 667 579 suarum
687 519 816 580 mutavit
830 517 960 580 ablativo
976 536 1036 580 sua.
1074 516 1134 577 Sed
1148 537 1233 595 pror·

200 646 250 686 sus
280 625 371 685 simili
400 626 503 698 modo,
536 644 594 703 quo
623 623 674 684 hio
701 623 836 684 veterani
863 621 1051 698 imperatoris
1073 620 1231 682 eonsilium

200 718 386 807 requirentes
407 727 440 785 in
463 746 618 786 suorum
641 726 674 804 (i.
691 746 716 786 e.
731 725 876 803 ipsorum)
892 724 1017 785 consilio
1033 723 1111 783 nihil
1126 723 1232 784 auxilii

200 828 447 892 animadvertisse
463 829 612 901 dicuutur,
637 833 684 902 ll,
697 834 714 886 4
733 832 868 888 narratur
883 829 1045 888 milites-
1059 847 1095 887 ae
1108 837 1232 905 propter

199 953 352 992 suarum
379 934 557 1009 paucitatem
588 940 662 989 metu
691 930 862 1007 deicerer&
899 936 947 1004 15,
970 937 988 989 2
1019 932 1163 1008 equitatus
1188 965 1231 974 -

199 1054 355 1096 suorum
379 1035 558 1093 multitudiue
580 1033 721 1110 confisam
745 1035 827 1107 79,1
854 1034 1037 1092 aduersarios
1051 1052 1108 1116 aaa
1124 1035 1232 1092 virtute

200 1159 296 1198 corum
319 1139 376 1216 (π
396 1137 526 1215 suorum)
548 1137 702 1214 confidere.
748 1137 865 1197 Deinde
894 1143 992 1197 autem
1023 1139 1052 1194 ia
1081 1155 1133 1193 suo
1164 1155 1231 1194 coa·

200 1242 265 1301 silio
288 1241 336 1301 W.
366 1241 437 1301 eicit
464 1245 498 1301 ut
527 1242 672 1316 glossema
705 1248 802 1300 ortum
834 1261 871 1299 ex
900 1238 1095 1318 sequentibus
1117 1241 1147 1297 in
1169 1240 1231 1296 eius

201 1345 332 1404 consilio.
377 1346 436 1405 (lur
467 1347 564 1403 autem
595 1363 657 1403 non
679 1342 737 1403 sibi
760 1348 840 1403 reote
863 1347 1051 1419 opponuntur
1073 1345 1230 1407 veteranae

201 1447 279 1506 nihil
303 1446 423 1526 quidem
445 1445 550 1505 auxilii
566 1445 598 1504 in
614 1466 733 1507 suorum
748 1446 880 1522 ipsorum
903 1443 1077 1505 consilio
1100 1443 1231 1504 animad-

200 1549 345 1624 vertisse,
378 1550 431 1608 sed
461 1568 579 1608 omnem
602 1549 737 1628 spemin
761 1548 949 1626 imperatoris
979 1547 1162 1607 scientia
1192 1551 1231 1607 et

200 1651 373 1712 consilio
395 1652 529 1728 posuisse
547 1672 608 1711 uon
622 1652 775 1729 intellego.
808 1652 904 1711 Immo
920 1650 945 1710 si
961 1652 1052 1711 verba
1068 1653 1229 1708 insacrum

200 1755 322 1812 consilio
345 1755 462 1827 absunt,
485 1759 549 1813 tum
573 1774 622 1814 eos
645 1756 765 1816 omniuo
787 1757 958 1831 desperasse
978 1758 1079 1813 narrat
1093 1751 1230 1830 scriptor,

202 1878 269 1918 cum
290 1855 351 1936 ipsi
373 1857 411 1916 de
434 1875 486 1916 suu
509 1857 604 1917 saluta
625 1878 686 1918 nou
700 1859 759 1918 iam
775 1857 973 1919 consulerent.
1013 1856 1136 1916 Accedit
1151 1857 1231 1936 quod

200 1960 257 2020 sibi
274 1963 466 2036 opponuntur
489 1959 624 2017 solatium
639 1963 668 2019 in
681 1980 819 2038 praescus
835 1965 865 2020 et
879 1961 1022 2018 auxilium
1038 1962 1067 2017 ia
1081 1957 1229 2037 futurum,

201 2083 255 2141 pro
287 2082 345 2142 qua
374 2061 523 2122 sententia
546 2062 697 2140 paulisper
719 2063 873 2124 immutata
895 2067 998 2122 auctor
1019 2061 1178 2139 usurpavit
1201 2064 1229 2120 in

202 2167 324 2225 coasilio
349 2167 427 2244 quod
449 2165 548 2242 ipsum
570 2164 603 2224 in
625 2170 758 2241 tempore
780 2167 881 2226 futuro
903 2164 1033 2241 positum
1057 2161 1107 2226 sit.

295 2272 378 2341 11,4
400 2289 438 2327 eu
459 2288 492 2326 eo
514 2278 558 2326 est
579 2271 724 2344 cognitum
741 2270 873 2326 Caesaris
889 2269 1048 2342 consilium,
1071 2269 1151 2326 illum
1166 2287 1229 2326 cum

201 2374 295 2431 classe
316 2370 436 2430 navibus
457 2369 626 2453 [onerariis]
645 2389 718 2450 quae
739 2373 929 2441 deerrasscat,
955 2370 1081 2429 subsidio
1096 2373 1139 2428 ire
1154 2370 1228 2428 clam

200 2474 328 2532 hostibus
341 2473 369 2551 ¹)
393 2475 515 2531 uolur‘sse
535 2495 570 2532 ae
591 2493 662 2532 casu
683 2474 873 2553 imprudentes
897 2471 978 2554 [suae
992 2471 1092 2555 naues]
1108 2475 1137 2531 in
1153 2474 1229 2531 clas-

200 2595 257 2633 sem
287 2576 517 2633 aduersariorum
548 2575 715 2647 inciderent,
749 2597 838 2654 neque
865 2596 925 2635 cum
954 2595 1013 2634 rem
1035 2595 1084 2634 cos
1106 2576 1230 2633 ualuisse

201 2679 286 2749 serre,
311 2679 412 2754 quiin
432 2677 590 2754 praesidiis
612 2679 713 2737 relicti
731 2682 781 2738 sui
800 2680 905 2738 milites
917 2676 945 2755 ²)
960 2678 1101 2758 fuissent.

286 2779 358 2840 (lum
389 2779 478 2840 huius
509 2779 565 2840 loci
596 2779 685 2842 initio
717 2783 929 2860 comparandus
961 2785 1006 2840 est
1035 2782 1113 2841 alter
1139 2800 1230 2856 supra

201 2882 324 2944 omissus
342 2889 368 2957 8,
385 2889 403 2941 2
422 2901 543 2942 —cum
565 2884 657 2942 decem
677 2884 798 2944 naribus
821 2886 918 2960 leugis
936 2884 975 2941 ad
987 2885 1113 2960 reliquus
1128 2880 1229 2964 [naues

201 2983 365 3068 onerarias]
389 2989 598 3064 conquirendas
620 3006 691 3064 quae
713 2988 893 3045 deerrassent
913 2997 941 3044 ct
954 2986 1042 3045 simul
1054 3005 1134 3045 mare
1149 2995 1228 3044 tuen·

201 3090 265 3147 dum
288 3088 324 3147 ab
346 3088 473 3148 hostibus
492 3088 570 3147 iulet
588 3090 744 3167 proficisci.
779 3090 827 3150 W.
844 3094 970 3168 utroque
985 3090 1050 3149 loco
1065 3088 1229 3165 interpola·

201 3191 273 3250 toris
300 3191 502 3252 additamenta
528 3193 677 3252 detexisse
700 3192 757 3252 sibi
779 3191 861 3252 visus
883 3196 937 3266 est,
965 3212 1031 3252 cum
1053 3211 1144 3251 naves
1167 3212 1228 3251 non

201 3293 297 3352 solum
319 3293 471 3352 onerariae
493 3295 544 3353 sed
563 3295 653 3356 etiam
667 3294 773 3371 longae
788 3296 982 3355 deerrasseut.
1014 3297 1056 3354 At
1070 3293 1227 3373 utriusque

202 3393 350 3454 enuntiati
382 3413 505 3455 acumen
528 3397 642 3456 nonin
665 3395 877 3479 conquirendis
899 3396 1029 3471 navigiis
1051 3395 1227 3456 errabundis

201 3496 307 3557 sedin
331 3496 442 3557 auxilio
466 3497 508 3556 eis
530 3498 652 3560 ferendo
675 3499 804 3577 positum
828 3503 881 3573 est,
904 3500 984 3578 quod
1005 3499 1134 3558 maxime
1149 3497 1229 3558 cadit

201 3600 233 3659 in
263 3620 355 3661 navos
386 3599 545 3674 onerarias,
580 3601 686 3680 quibus
711 3602 874 3662 inermibus
899 3602 998 3662 hostes
1023 3601 1110 3661 facile
1136 3600 1229 3677 potiri

201 3707 347 3779 poterant,
371 3723 437 3763 oum
459 3722 550 3762 naves
571 3703 676 3780 longae
699 3725 730 3764 se
751 3705 835 3782 ipsae
858 3705 1016 3765 defendere
1038 3707 1169 3780 possent.

272 3939 297 4003 1)
314 3940 419 3990 leoffius
436 3941 484 3990 del.
503 3942 543 3991 W.
580 3941 623 3991 cir.
640 3955 696 4002 pug.
716 3943 756 3991 tl.

272 4023 297 4087 2)
315 4026 353 4073 sui
369 4026 454 4074 mimo
472 4026 520 4074 del.
540 4026 580 4074 W.
616 4027 659 4074 cir.
679 4041 736 4089 pag·
755 4030 786 4077 it
805 4028 861 4075 edu.
882 4031 904 4081 1.
