<?xml version="1.0" encoding="UTF-8"?>
<!DOCTYPE html PUBLIC "-//W3C//DTD XHTML 1.0 Transitional//EN"
    "http://www.w3.org/TR/xhtml1/DTD/xhtml1-transitional.dtd">
<html xmlns="http://www.w3.org/1999/xhtml" xml:lang="en" lang="en">
 <head>
  <title>
</title>
<meta http-equiv="Content-Type" content="text/html;charset=utf-8" />
  <meta name='ocr-system' content='tesseract 3.04.00' />
  <meta name='ocr-capabilities' content='ocr_page ocr_carea ocr_par ocr_line ocrx_word'/>
</head>
<body>
  <div class='ocr_page' id='page_1' title='image "./incommentariumd00moelgoog_0052.png"; bbox 0 0 2872 4778; ppageno 0'>
   <div class='ocr_carea' id='block_1_1' title="bbox 553 357 766 431">
    <p class='ocr_par' dir='ltr' id='par_1_1' title="bbox 553 357 766 431">
     <span class='ocr_line' id='line_1_1' title="bbox 553 357 766 431; baseline 0.005 -19"><span class='ocrx_word' id='word_1_1' title='bbox 553 357 766 431; x_wconf 76' lang='lat'>-47-</span> 
     </span>
    </p>
   </div>
   <div class='ocr_carea' id='block_1_2' title="bbox 227 536 936 602">
    <p class='ocr_par' dir='ltr' id='par_1_2' title="bbox 227 536 936 602">
     <span class='ocr_line' id='line_1_2' title="bbox 227 536 936 602; baseline 0.008 -7"><span class='ocrx_word' id='word_1_2' title='bbox 227 538 324 597; x_wconf 85' lang='lat' dir='ltr'>Multo</span> <span class='ocrx_word' id='word_1_3' title='bbox 346 536 442 597; x_wconf 83' lang='lat' dir='ltr'>rarius</span> <span class='ocrx_word' id='word_1_4' title='bbox 465 544 562 599; x_wconf 91' lang='lat' dir='ltr'>autem</span> <span class='ocrx_word' id='word_1_5' title='bbox 585 543 609 599; x_wconf 93' lang='lat' dir='ltr'>P</span> <span class='ocrx_word' id='word_1_6' title='bbox 632 561 698 600; x_wconf 90' lang='lat' dir='ltr'>oum</span> <span class='ocrx_word' id='word_1_7' title='bbox 720 547 748 600; x_wconf 82' lang='lat' dir='ltr'>A</span> <span class='ocrx_word' id='word_1_8' title='bbox 772 542 936 602; x_wconf 77' lang='lat' dir='ltr'>consentit:</span> 
     </span>
    </p>
   </div>
   <div class='ocr_carea' id='block_1_3' title="bbox 140 659 1171 1560">
    <p class='ocr_par' dir='ltr' id='par_1_3' title="bbox 368 659 421 717">
     <span class='ocr_line' id='line_1_3' title="bbox 368 659 421 717; baseline -0.019 0"><span class='ocrx_word' id='word_1_9' title='bbox 368 659 421 717; x_wconf 89' lang='lat' dir='ltr'>AP</span> 
     </span>
    </p>

    <p class='ocr_par' dir='ltr' id='par_1_4' title="bbox 142 760 1169 924">
     <span class='ocr_line' id='line_1_4' title="bbox 142 760 1169 840; baseline 0.01 -22"><span class='ocrx_word' id='word_1_10' title='bbox 142 765 191 836; x_wconf 98' lang='grc'>56,</span> <span class='ocrx_word' id='word_1_11' title='bbox 216 766 233 819; x_wconf 86' lang='grc'><strong>3</strong></span> <span class='ocrx_word' id='word_1_12' title='bbox 257 780 317 821; x_wconf 87' lang='grc'>666</span> <span class='ocrx_word' id='word_1_13' title='bbox 338 760 468 821; x_wconf 89' lang='lat' dir='ltr'>faoiebat</span> <span class='ocrx_word' id='word_1_14' title='bbox 480 761 508 840; x_wconf 89' lang='lat'>¹)</span> <span class='ocrx_word' id='word_1_15' title='bbox 668 763 992 825; x_wconf 78' lang='lat' dir='ltr'>aommonefaaiebatV.</span> <span class='ocrx_word' id='word_1_16' title='bbox 1020 787 1079 827; x_wconf 91' lang='lat' dir='ltr'>non</span> <span class='ocrx_word' id='word_1_17' title='bbox 1096 768 1169 828; x_wconf 86' lang='lat' dir='ltr'>late·</span> 
     </span>
     <span class='ocr_line' id='line_1_5' title="bbox 709 867 807 924; baseline -0.01 0"><span class='ocrx_word' id='word_1_18' title='bbox 709 867 762 924; x_wconf 91' lang='lat' dir='ltr'>bat</span> <span class='ocrx_word' id='word_1_19' title='bbox 785 867 807 923; x_wconf 88' lang='lat' dir='ltr'><em>L</em></span> 
     </span>
    </p>

    <p class='ocr_par' dir='ltr' id='par_1_5' title="bbox 142 969 901 1046">
     <span class='ocr_line' id='line_1_6' title="bbox 142 969 901 1046; baseline 0.005 -23"><span class='ocrx_word' id='word_1_20' title='bbox 142 970 190 1037; x_wconf 86' lang='grc'>68,</span> <span class='ocrx_word' id='word_1_21' title='bbox 217 970 230 1023; x_wconf 92' lang='grc'><strong>1</strong></span> <span class='ocrx_word' id='word_1_22' title='bbox 255 986 285 1042; x_wconf 89' lang='lat' dir='ltr'>p.</span> <span class='ocrx_word' id='word_1_23' title='bbox 308 987 333 1026; x_wconf 88' lang='lat' dir='ltr'>a.</span> <span class='ocrx_word' id='word_1_24' title='bbox 668 972 771 1042; x_wconf 85' lang='lat' dir='ltr'>postea</span> <span class='ocrx_word' id='word_1_25' title='bbox 793 969 901 1046; x_wconf 76' lang='lat' dir='ltr'><em>reliqui</em></span> 
     </span>
    </p>

    <p class='ocr_par' dir='ltr' id='par_1_6' title="bbox 141 1067 1169 1230">
     <span class='ocr_line' id='line_1_7' title="bbox 141 1067 1169 1150; baseline 0.01 -25"><span class='ocrx_word' id='word_1_26' title='bbox 141 1072 190 1142; x_wconf 91' lang='grc'>65,</span> <span class='ocrx_word' id='word_1_27' title='bbox 218 1073 230 1126; x_wconf 95' lang='lat' dir='ltr'>l</span> <span class='ocrx_word' id='word_1_28' title='bbox 256 1067 367 1147; x_wconf 78' lang='lat' dir='ltr'>flam2)</span> <span class='ocrx_word' id='word_1_29' title='bbox 667 1070 746 1148; x_wconf 87' lang='lat' dir='ltr'>quod</span> <span class='ocrx_word' id='word_1_30' title='bbox 775 1089 843 1129; x_wconf 93' lang='lat' dir='ltr'>oum</span> <span class='ocrx_word' id='word_1_31' title='bbox 871 1072 948 1132; x_wconf 87' lang='lat' dir='ltr'>nihil</span> <span class='ocrx_word' id='word_1_32' title='bbox 977 1073 1169 1150; x_wconf 82' lang='lat' dir='ltr'>signifioaret,</span> 
     </span>
     <span class='ocr_line' id='line_1_8' title="bbox 709 1174 843 1230; baseline 0.015 -2"><span class='ocrx_word' id='word_1_33' title='bbox 709 1191 763 1229; x_wconf 82' lang='lat' dir='ltr'>om.</span> <span class='ocrx_word' id='word_1_34' title='bbox 786 1174 843 1230; x_wconf 81' lang='lat' dir='ltr'>LV</span> 
     </span>
    </p>

    <p class='ocr_par' dir='ltr' id='par_1_7' title="bbox 141 1272 1171 1356">
     <span class='ocr_line' id='line_1_9' title="bbox 141 1272 1171 1356; baseline 0.008 -26"><span class='ocrx_word' id='word_1_35' title='bbox 141 1272 190 1346; x_wconf 91' lang='grc'>72,</span> <span class='ocrx_word' id='word_1_36' title='bbox 213 1277 231 1331; x_wconf 86' lang='grc'><strong>4</strong></span> <span class='ocrx_word' id='word_1_37' title='bbox 254 1273 449 1354; x_wconf 66' lang='grc'><strong>6668666663)</strong></span> <span class='ocrx_word' id='word_1_38' title='bbox 666 1274 813 1351; x_wconf 86' lang='lat' dir='ltr'>eaptirum</span> <span class='ocrx_word' id='word_1_39' title='bbox 838 1277 871 1336; x_wconf 85' lang='lat' dir='ltr'>L.</span> <span class='ocrx_word' id='word_1_40' title='bbox 916 1282 1070 1356; x_wconf 81' lang='lat' dir='ltr'>capturum</span> <span class='ocrx_word' id='word_1_41' title='bbox 1095 1280 1171 1339; x_wconf 85' lang='lat' dir='ltr'>VUF</span> 
     </span>
    </p>

    <p class='ocr_par' dir='ltr' id='par_1_8' title="bbox 140 1379 1147 1455">
     <span class='ocr_line' id='line_1_10' title="bbox 140 1379 1147 1455; baseline 0.009 -23"><span class='ocrx_word' id='word_1_42' title='bbox 140 1380 189 1449; x_wconf 97' lang='grc'><strong>85,</strong></span> <span class='ocrx_word' id='word_1_43' title='bbox 216 1380 230 1434; x_wconf 95' lang='grc'><strong>1</strong></span> <span class='ocrx_word' id='word_1_44' title='bbox 255 1381 362 1453; x_wconf 84' lang='lat' dir='ltr'>pauent</span> <span class='ocrx_word' id='word_1_45' title='bbox 445 1418 448 1425; x_wconf 86' lang='lat'><em>·</em></span> <span class='ocrx_word' id='word_1_46' title='bbox 666 1383 807 1454; x_wconf 85' lang='lat' dir='ltr'>parerent</span> <span class='ocrx_word' id='word_1_47' title='bbox 827 1379 862 1438; x_wconf 81' lang='lat' dir='ltr'>L.</span> <span class='ocrx_word' id='word_1_48' title='bbox 907 1386 1047 1455; x_wconf 81' lang='lat' dir='ltr'>pararent</span> <span class='ocrx_word' id='word_1_49' title='bbox 1070 1383 1147 1441; x_wconf 69' lang='lat' dir='ltr'>Vua</span> 
     </span>
    </p>

    <p class='ocr_par' dir='ltr' id='par_1_9' title="bbox 140 1478 1040 1560">
     <span class='ocr_line' id='line_1_11' title="bbox 140 1478 1040 1560; baseline 0.008 -26"><span class='ocrx_word' id='word_1_50' title='bbox 140 1482 188 1552; x_wconf 87' lang='lat'>86,</span> <span class='ocrx_word' id='word_1_51' title='bbox 215 1484 229 1538; x_wconf 94' lang='grc'><strong>1</strong></span> <span class='ocrx_word' id='word_1_52' title='bbox 254 1479 431 1560; x_wconf 56' lang='lat' dir='ltr'>aestatim)</span> <span class='ocrx_word' id='word_1_53' title='bbox 666 1478 785 1539; x_wconf 85' lang='lat' dir='ltr'>estatim</span> <span class='ocrx_word' id='word_1_54' title='bbox 807 1479 841 1537; x_wconf 81' lang='lat' dir='ltr'>L.</span> <span class='ocrx_word' id='word_1_55' title='bbox 865 1530 867 1535; x_wconf 91' lang='lat'><em>.</em></span> <span class='ocrx_word' id='word_1_56' title='bbox 886 1481 987 1541; x_wconf 91' lang='lat' dir='ltr'>statim</span> <span class='ocrx_word' id='word_1_57' title='bbox 1011 1486 1040 1541; x_wconf 88' lang='lat' dir='ltr'><em>V</em></span> 
     </span>
    </p>
   </div>
   <div class='ocr_carea' id='block_1_4' title="bbox 136 1607 1168 3786">
    <p class='ocr_par' dir='ltr' id='par_1_10' title="bbox 222 1607 1168 1690">
     <span class='ocr_line' id='line_1_12' title="bbox 222 1607 1168 1690; baseline 0.005 -24"><span class='ocrx_word' id='word_1_58' title='bbox 222 1607 281 1666; x_wconf 83' lang='lat' dir='ltr'>Sed</span> <span class='ocrx_word' id='word_1_59' title='bbox 302 1611 376 1668; x_wconf 85' lang='lat' dir='ltr'>haee</span> <span class='ocrx_word' id='word_1_60' title='bbox 397 1608 521 1669; x_wconf 82' lang='lat' dir='ltr'>levioris</span> <span class='ocrx_word' id='word_1_61' title='bbox 544 1615 616 1669; x_wconf 88' lang='lat' dir='ltr'>suut</span> <span class='ocrx_word' id='word_1_62' title='bbox 635 1607 786 1671; x_wconf 86' lang='lat' dir='ltr'>momenti.</span> <span class='ocrx_word' id='word_1_63' title='bbox 824 1607 968 1670; x_wconf 82' lang='lat' dir='ltr'>Graviora</span> <span class='ocrx_word' id='word_1_64' title='bbox 990 1630 1032 1683; x_wconf 88' lang='lat' dir='ltr'>ea,</span> <span class='ocrx_word' id='word_1_65' title='bbox 1059 1611 1168 1690; x_wconf 93' lang='lat' dir='ltr'>quibus</span> 
     </span>
    </p>

    <p class='ocr_par' dir='ltr' id='par_1_11' title="bbox 137 1711 1166 3046">
     <span class='ocr_line' id='line_1_13' title="bbox 138 1711 1009 1790; baseline 0.003 -21"><span class='ocrx_word' id='word_1_66' title='bbox 138 1712 162 1769; x_wconf 93' lang='lat' dir='ltr'>P</span> <span class='ocrx_word' id='word_1_67' title='bbox 184 1711 279 1787; x_wconf 86' lang='lat' dir='ltr'>magis</span> <span class='ocrx_word' id='word_1_68' title='bbox 301 1712 469 1773; x_wconf 81' lang='lat' dir='ltr'>consentire</span> <span class='ocrx_word' id='word_1_69' title='bbox 491 1719 704 1789; x_wconf 81' lang='lat' dir='ltr'>apparatuum</span> <span class='ocrx_word' id='word_1_70' title='bbox 728 1713 753 1771; x_wconf 89' lang='lat' dir='ltr'>V</span> <span class='ocrx_word' id='word_1_71' title='bbox 777 1731 864 1790; x_wconf 89' lang='lat' dir='ltr'>quam</span> <span class='ocrx_word' id='word_1_72' title='bbox 887 1732 953 1773; x_wconf 90' lang='lat' dir='ltr'>oum</span> <span class='ocrx_word' id='word_1_73' title='bbox 976 1714 1009 1772; x_wconf 90' lang='lat' dir='ltr'>L.</span> 
     </span>
     <span class='ocr_line' id='line_1_14' title="bbox 361 1841 929 1978; baseline 0.004 -80"><span class='ocrx_word' id='word_1_74' title='bbox 361 1841 414 1899; x_wconf 91' lang='lat' dir='ltr'>PV</span> <span class='ocrx_word' id='word_1_75' title='bbox 648 1845 651 1978; x_wconf 84' lang='grc'><strong>)</strong></span> <span class='ocrx_word' id='word_1_76' title='bbox 904 1842 929 1900; x_wconf 90' lang='lat' dir='ltr'>L</span> 
     </span>
     <span class='ocr_line' id='line_1_15' title="bbox 139 1942 1166 2024; baseline 0.006 -24"><span class='ocrx_word' id='word_1_77' title='bbox 139 1945 186 2014; x_wconf 91' lang='grc'>11,</span> <span class='ocrx_word' id='word_1_78' title='bbox 210 1947 228 2001; x_wconf 86' lang='grc'><strong>4</strong></span> <span class='ocrx_word' id='word_1_79' title='bbox 251 1942 284 2001; x_wconf 87' lang='lat' dir='ltr'>in</span> <span class='ocrx_word' id='word_1_80' title='bbox 306 1942 461 2018; x_wconf 77' lang='lat' dir='ltr'>praesidiis</span> <span class='ocrx_word' id='word_1_81' title='bbox 483 1943 601 2018; x_wconf 73' lang='lat' dir='ltr'>rolioti’s</span> <span class='ocrx_word' id='word_1_82' title='bbox 664 1943 769 2023; x_wconf 90' lang='lat' dir='ltr'>quiin</span> <span class='ocrx_word' id='word_1_83' title='bbox 791 1943 949 2020; x_wconf 79' lang='lat' dir='ltr'>praesidiis</span> <span class='ocrx_word' id='word_1_84' title='bbox 968 1944 1067 2005; x_wconf 85' lang='lat' dir='ltr'>relicti</span> <span class='ocrx_word' id='word_1_85' title='bbox 1083 1946 1166 2024; x_wconf 84' lang='lat' dir='ltr'>quit†</span> 
     </span>
     <span class='ocr_line' id='line_1_16' title="bbox 140 1983 851 2122; baseline 0.001 -20"><span class='ocrx_word' id='word_1_86' title='bbox 140 2049 187 2116; x_wconf 88' lang='lat'>18,</span> <span class='ocrx_word' id='word_1_87' title='bbox 211 2050 230 2103; x_wconf 82' lang='lat'><strong>4</strong></span> <span class='ocrx_word' id='word_1_88' title='bbox 252 2043 311 2103; x_wconf 90' lang='lat' dir='ltr'>iam</span> <span class='ocrx_word' id='word_1_89' title='bbox 333 2045 434 2104; x_wconf 89' lang='lat' dir='ltr'>hostes</span> <span class='ocrx_word' id='word_1_90' title='bbox 648 1983 723 2114; x_wconf 74' lang='lat' dir='ltr'>iiam</span> <span class='ocrx_word' id='word_1_91' title='bbox 746 2046 851 2122; x_wconf 88' lang='lat' dir='ltr'>hosta†</span> 
     </span>
     <span class='ocr_line' id='line_1_17' title="bbox 137 2143 872 2222; baseline 0.003 -18"><span class='ocrx_word' id='word_1_92' title='bbox 137 2150 186 2221; x_wconf 94' lang='grc'>21,</span> <span class='ocrx_word' id='word_1_93' title='bbox 210 2153 227 2205; x_wconf 88' lang='grc'>3</span> <span class='ocrx_word' id='word_1_94' title='bbox 251 2148 450 2222; x_wconf 71' lang='grc'><strong>6666666166)</strong></span> <span class='ocrx_word' id='word_1_95' title='bbox 665 2143 872 2222; x_wconf 63' lang='lat' dir='ltr'>vagabantur*</span> 
     </span>
     <span class='ocr_line' id='line_1_18' title="bbox 140 2245 925 2326; baseline 0.003 -20"><span class='ocrx_word' id='word_1_96' title='bbox 140 2255 189 2324; x_wconf 92' lang='grc'>28,</span> <span class='ocrx_word' id='word_1_97' title='bbox 212 2255 230 2307; x_wconf 96' lang='grc'><strong>2</strong></span> <span class='ocrx_word' id='word_1_98' title='bbox 254 2251 292 2308; x_wconf 86' lang='grc'>61)</span> <span class='ocrx_word' id='word_1_99' title='bbox 315 2252 434 2326; x_wconf 74' lang='lat' dir='ltr'>oausas’s</span> <span class='ocrx_word' id='word_1_100' title='bbox 665 2252 702 2309; x_wconf 93' lang='lat' dir='ltr'>ob</span> <span class='ocrx_word' id='word_1_101' title='bbox 725 2251 779 2307; x_wconf 91' lang='lat' dir='ltr'>has</span> <span class='ocrx_word' id='word_1_102' title='bbox 802 2245 925 2308; x_wconf 69' lang='lat' dir='ltr'>causas*</span> 
     </span>
     <span class='ocr_line' id='line_1_19' title="bbox 139 2347 1061 2431; baseline 0 -22"><span class='ocrx_word' id='word_1_103' title='bbox 139 2353 189 2424; x_wconf 88' lang='lat'>31,</span> <span class='ocrx_word' id='word_1_104' title='bbox 214 2353 230 2409; x_wconf 87' lang='grc'><strong>7</strong></span> <span class='ocrx_word' id='word_1_105' title='bbox 255 2355 292 2412; x_wconf 91' lang='lat' dir='ltr'>ad</span> <span class='ocrx_word' id='word_1_106' title='bbox 314 2354 550 2431; x_wconf 60' lang='lat' dir='ltr'>defendendum</span> <span class='ocrx_word' id='word_1_107' title='bbox 666 2373 741 2431; x_wconf 89' lang='lat' dir='ltr'>quaa</span> <span class='ocrx_word' id='word_1_108' title='bbox 763 2353 799 2410; x_wconf 88' lang='lat' dir='ltr'>ad</span> <span class='ocrx_word' id='word_1_109' title='bbox 822 2347 1061 2410; x_wconf 63' lang='lat' dir='ltr'>defendendum*</span> 
     </span>
     <span class='ocr_line' id='line_1_20' title="bbox 139 2449 1060 2536; baseline 0.001 -24"><span class='ocrx_word' id='word_1_110' title='bbox 139 2460 188 2528; x_wconf 80' lang='grc'>41,</span> <span class='ocrx_word' id='word_1_111' title='bbox 213 2461 230 2513; x_wconf 88' lang='grc'><strong>3</strong></span> <span class='ocrx_word' id='word_1_112' title='bbox 254 2456 455 2536; x_wconf 86' lang='lat' dir='ltr'>dextrumque</span> <span class='ocrx_word' id='word_1_113' title='bbox 471 2456 637 2517; x_wconf 86' lang='lat' dir='ltr'>sinistrum·</span> <span class='ocrx_word' id='word_1_114' title='bbox 665 2457 803 2514; x_wconf 89' lang='lat' dir='ltr'>dextrum</span> <span class='ocrx_word' id='word_1_115' title='bbox 825 2449 1060 2532; x_wconf 69' lang='lat' dir='ltr'>sinistrumque*</span> 
     </span>
     <span class='ocr_line' id='line_1_21' title="bbox 181 2561 257 2636; baseline 0 0"><span class='ocrx_word' id='word_1_116' title='bbox 181 2561 257 2636; x_wconf 68' lang='lat' dir='ltr'>auat</span> 
     </span>
     <span class='ocr_line' id='line_1_22' title="bbox 139 2658 842 2739; baseline 0.004 -22"><span class='ocrx_word' id='word_1_117' title='bbox 139 2665 177 2719; x_wconf 86' lang='lat'>43</span> <span class='ocrx_word' id='word_1_118' title='bbox 201 2660 460 2739; x_wconf 73' lang='lat' dir='ltr'>proficisceretur&#39;s</span> <span class='ocrx_word' id='word_1_119' title='bbox 665 2658 842 2737; x_wconf 68' lang='lat' dir='ltr'>proficeret*</span> 
     </span>
     <span class='ocr_line' id='line_1_23' title="bbox 140 2762 961 2843; baseline 0.002 -23"><span class='ocrx_word' id='word_1_120' title='bbox 140 2766 186 2837; x_wconf 83' lang='lat'>54,</span> <span class='ocrx_word' id='word_1_121' title='bbox 212 2768 228 2821; x_wconf 88' lang='grc'><strong>5</strong></span> <span class='ocrx_word' id='word_1_122' title='bbox 252 2763 459 2843; x_wconf 84' lang='lat' dir='ltr'>militibusque</span> <span class='ocrx_word' id='word_1_123' title='bbox 666 2762 811 2822; x_wconf 87' lang='lat' dir='ltr'>militibus</span> <span class='ocrx_word' id='word_1_124' title='bbox 834 2762 961 2842; x_wconf 70' lang='lat' dir='ltr'>quibust</span> 
     </span>
     <span class='ocr_line' id='line_1_24' title="bbox 138 2862 1166 2946; baseline -0.001 -23"><span class='ocrx_word' id='word_1_125' title='bbox 138 2871 188 2940; x_wconf 93' lang='grc'>66,</span> <span class='ocrx_word' id='word_1_126' title='bbox 212 2871 229 2923; x_wconf 86' lang='grc'>3</span> <span class='ocrx_word' id='word_1_127' title='bbox 254 2886 320 2926; x_wconf 91' lang='lat' dir='ltr'>oum</span> <span class='ocrx_word' id='word_1_128' title='bbox 351 2867 467 2946; x_wconf 87' lang='lat' dir='ltr'>equites</span> <span class='ocrx_word' id='word_1_129' title='bbox 492 2912 547 2928; x_wconf 85' lang='lat'>...</span> <span class='ocrx_word' id='word_1_130' title='bbox 571 2887 637 2927; x_wconf 89' lang='lat' dir='ltr'>oum</span> <span class='ocrx_word' id='word_1_131' title='bbox 665 2886 730 2924; x_wconf 89' lang='lat' dir='ltr'>oum</span> <span class='ocrx_word' id='word_1_132' title='bbox 745 2865 860 2944; x_wconf 85' lang='lat' dir='ltr'>equites</span> <span class='ocrx_word' id='word_1_133' title='bbox 935 2862 1166 2942; x_wconf 67' lang='lat' dir='ltr'>nonposseut’f*</span> 
     </span>
     <span class='ocr_line' id='line_1_25' title="bbox 181 2971 480 3046; baseline 0.01 -19"><span class='ocrx_word' id='word_1_134' title='bbox 181 3013 234 3029; x_wconf 91' lang='lat'>...</span> <span class='ocrx_word' id='word_1_135' title='bbox 257 2989 319 3029; x_wconf 88' lang='lat' dir='ltr'>non</span> <span class='ocrx_word' id='word_1_136' title='bbox 340 2971 480 3046; x_wconf 67' lang='lat' dir='ltr'>possuntt</span> 
     </span>
    </p>

    <p class='ocr_par' dir='ltr' id='par_1_12' title="bbox 136 3065 1165 3786">
     <span class='ocr_line' id='line_1_26' title="bbox 141 3065 876 3152; baseline -0.004 -23"><span class='ocrx_word' id='word_1_137' title='bbox 141 3072 187 3145; x_wconf 87' lang='grc'>78,</span> <span class='ocrx_word' id='word_1_138' title='bbox 212 3077 230 3129; x_wconf 95' lang='grc'><strong>2</strong></span> <span class='ocrx_word' id='word_1_139' title='bbox 255 3074 332 3152; x_wconf 89' lang='lat' dir='ltr'>quod</span> <span class='ocrx_word' id='word_1_140' title='bbox 355 3073 468 3150; x_wconf 82' lang='lat' dir='ltr'>vitare†</span> <span class='ocrx_word' id='word_1_141' title='bbox 577 3121 582 3132; x_wconf 86' lang='grc'><strong>,</strong></span> <span class='ocrx_word' id='word_1_142' title='bbox 665 3069 737 3148; x_wconf 86' lang='lat' dir='ltr'>quid</span> <span class='ocrx_word' id='word_1_143' title='bbox 759 3065 876 3129; x_wconf 65' lang='lat' dir='ltr'>vitare*</span> 
     </span>
     <span class='ocr_line' id='line_1_27' title="bbox 139 3168 914 3254; baseline -0.001 -22"><span class='ocrx_word' id='word_1_144' title='bbox 139 3172 187 3247; x_wconf 89' lang='grc'>78,</span> <span class='ocrx_word' id='word_1_145' title='bbox 212 3175 229 3234; x_wconf 92' lang='grc'><strong>7</strong></span> <span class='ocrx_word' id='word_1_146' title='bbox 253 3174 487 3254; x_wconf 86' lang='lat' dir='ltr'>minuatimque†</span> <span class='ocrx_word' id='word_1_147' title='bbox 664 3168 914 3250; x_wconf 64' lang='lat' dir='ltr'>minutatimque*</span> 
     </span>
     <span class='ocr_line' id='line_1_28' title="bbox 138 3274 744 3355; baseline 0.007 -22"><span class='ocrx_word' id='word_1_148' title='bbox 138 3281 188 3351; x_wconf 87' lang='lat'>80,</span> <span class='ocrx_word' id='word_1_149' title='bbox 212 3275 381 3355; x_wconf 71' lang='grc'><strong>26666111)</strong></span> <span class='ocrx_word' id='word_1_150' title='bbox 737 3274 744 3287; x_wconf 82' lang='lat'><strong><em>‘</em></strong></span> 
     </span>
     <span class='ocr_line' id='line_1_29' title="bbox 138 3379 456 3462; baseline -0.006 -24"><span class='ocrx_word' id='word_1_151' title='bbox 138 3385 187 3454; x_wconf 87' lang='grc'>90,</span> <span class='ocrx_word' id='word_1_152' title='bbox 212 3385 226 3439; x_wconf 94' lang='grc'><strong>1</strong></span> <span class='ocrx_word' id='word_1_153' title='bbox 252 3381 344 3441; x_wconf 88' lang='lat' dir='ltr'>aisis</span> <span class='ocrx_word' id='word_1_154' title='bbox 367 3379 456 3462; x_wconf 51' lang='grc' dir='ltr'>(γὼ)</span> 
     </span>
     <span class='ocr_line' id='line_1_30' title="bbox 138 3483 361 3561; baseline 0.004 -19"><span class='ocrx_word' id='word_1_155' title='bbox 138 3489 187 3558; x_wconf 91' lang='grc'>95,</span> <span class='ocrx_word' id='word_1_156' title='bbox 211 3489 229 3541; x_wconf 92' lang='grc'><strong>2</strong></span> <span class='ocrx_word' id='word_1_157' title='bbox 252 3483 361 3561; x_wconf 70' lang='lat' dir='ltr'>libauit</span> 
     </span>
     <span class='ocr_line' id='line_1_31' title="bbox 136 3598 1165 3681; baseline -0.007 -18"><span class='ocrx_word' id='word_1_158' title='bbox 136 3604 205 3680; x_wconf 85' lang='lat' dir='ltr'>(Sed</span> <span class='ocrx_word' id='word_1_159' title='bbox 237 3610 287 3679; x_wconf 90' lang='grc'>69,</span> <span class='ocrx_word' id='word_1_160' title='bbox 312 3609 326 3664; x_wconf 93' lang='grc'><strong>1</strong></span> <span class='ocrx_word' id='word_1_161' title='bbox 352 3606 379 3667; x_wconf 84' lang='lat' dir='ltr'><strong>V</strong></span> <span class='ocrx_word' id='word_1_162' title='bbox 412 3604 504 3663; x_wconf 88' lang='lat' dir='ltr'>habet</span> <span class='ocrx_word' id='word_1_163' title='bbox 532 3622 606 3681; x_wconf 78' lang='lat' dir='ltr'>quus</span> <span class='ocrx_word' id='word_1_164' title='bbox 635 3612 710 3676; x_wconf 78' lang='lat' dir='ltr'>tum,</span> <span class='ocrx_word' id='word_1_165' title='bbox 744 3620 803 3661; x_wconf 89' lang='lat' dir='ltr'>non</span> <span class='ocrx_word' id='word_1_166' title='bbox 834 3603 869 3659; x_wconf 93' lang='lat' dir='ltr'>ut</span> <span class='ocrx_word' id='word_1_167' title='bbox 889 3598 978 3675; x_wconf 80' lang='lat' dir='ltr'>vulgo</span> <span class='ocrx_word' id='word_1_168' title='bbox 1005 3598 1165 3658; x_wconf 84' lang='lat' dir='ltr'>adnotatur</span> 
     </span>
     <span class='ocr_line' id='line_1_32' title="bbox 136 3708 380 3786; baseline 0.008 -21"><span class='ocrx_word' id='word_1_169' title='bbox 136 3718 282 3785; x_wconf 79' lang='lat' dir='ltr'>quaestum</span> <span class='ocrx_word' id='word_1_170' title='bbox 304 3708 380 3786; x_wconf 65' lang='grc' dir='ltr'>ΡΥ).</span> 
     </span>
    </p>
   </div>
   <div class='ocr_carea' id='block_1_5' title="bbox 205 3841 629 4171">
    <p class='ocr_par' dir='ltr' id='par_1_13' title="bbox 206 3841 410 3908">
     <span class='ocr_line' id='line_1_33' title="bbox 206 3841 410 3908; baseline 0 -17"><span class='ocrx_word' id='word_1_171' title='bbox 206 3842 232 3907; x_wconf 92' lang='grc'>1)</span> <span class='ocrx_word' id='word_1_172' title='bbox 241 3842 352 3904; x_wconf 67' lang='lat' dir='ltr'>[Mat</span> <span class='ocrx_word' id='word_1_173' title='bbox 369 3841 410 3908; x_wconf 73' lang='grc' dir='ltr'>β*.</span> 
     </span>
    </p>

    <p class='ocr_par' dir='ltr' id='par_1_14' title="bbox 206 3925 372 3997">
     <span class='ocr_line' id='line_1_34' title="bbox 206 3925 372 3997; baseline -0.012 -19"><span class='ocrx_word' id='word_1_174' title='bbox 206 3927 232 3994; x_wconf 88' lang='grc'>2)</span> <span class='ocrx_word' id='word_1_175' title='bbox 250 3930 313 3977; x_wconf 67' lang='lat' dir='ltr'>ohan</span> <span class='ocrx_word' id='word_1_176' title='bbox 331 3925 372 3997; x_wconf 58' lang='grc' dir='ltr'><strong>β’..</strong></span> 
     </span>
    </p>

    <p class='ocr_par' dir='ltr' id='par_1_15' title="bbox 205 4010 629 4171">
     <span class='ocr_line' id='line_1_35' title="bbox 205 4010 629 4081; baseline -0.017 -15"><span class='ocrx_word' id='word_1_177' title='bbox 205 4015 232 4081; x_wconf 84' lang='grc'>8)</span> <span class='ocrx_word' id='word_1_178' title='bbox 250 4023 324 4077; x_wconf 73' lang='lat' dir='ltr'>oapto</span> <span class='ocrx_word' id='word_1_179' title='bbox 341 4014 421 4062; x_wconf 84' lang='lat' dir='ltr'>oodsx</span> <span class='ocrx_word' id='word_1_180' title='bbox 438 4010 629 4061; x_wconf 66' lang='grc' dir='ltr'>1166666666*Ι</span> 
     </span>
     <span class='ocr_line' id='line_1_36' title="bbox 205 4097 438 4171; baseline -0.017 -18"><span class='ocrx_word' id='word_1_181' title='bbox 205 4101 232 4169; x_wconf 73' lang='grc'>4)</span> <span class='ocrx_word' id='word_1_182' title='bbox 249 4117 280 4152; x_wconf 82' lang='lat' dir='ltr'>ao</span> <span class='ocrx_word' id='word_1_183' title='bbox 298 4101 380 4150; x_wconf 70' lang='lat' dir='ltr'>atussa</span> <span class='ocrx_word' id='word_1_184' title='bbox 397 4097 438 4171; x_wconf 76' lang='grc' dir='ltr'>β*.</span> 
     </span>
    </p>
   </div>
   <div class='ocr_carea' id='block_1_6' title="bbox 0 0 1440 4778">
    <p class='ocr_par' dir='ltr' id='par_1_16' title="bbox 0 0 1440 4778">
     <span class='ocr_line' id='line_1_37' title="bbox 0 0 1440 4778; baseline 0 2"><span class='ocrx_word' id='word_1_185' title='bbox 0 0 1440 4778; x_wconf 95' lang='lat' dir='ltr'> </span> 
     </span>
    </p>
   </div>
  </div>
 </body>
</html>
