2872 4778
708 1223 733 1288 Ι.

291 1379 336 1437 De
367 1379 446 1439 bello
468 1378 609 1439 Africano
641 1375 886 1438 commentarium
917 1377 984 1458 quis
1009 1378 1233 1457 composuisset,

206 1479 320 1560 primm
335 1481 436 1541 dedita
450 1501 542 1561 opera
556 1482 587 1540 in
604 1480 735 1542 editione
746 1479 880 1542 (laeseris
892 1501 970 1541 anno
983 1482 1233 1545 mmcccxnvn

206 1584 312 1644 emisse
334 1583 485 1664 qnaesivit
506 1583 715 1661 Nipperdeius.
759 1584 861 1664 Atque
887 1583 1039 1661 scriptoris
1062 1590 1093 1646 et
1114 1585 1232 1646 dicendi

206 1692 236 1746 et
258 1687 454 1764 componendi
476 1707 586 1762 genere
608 1688 644 1746 ab
667 1686 749 1746 omni
770 1693 854 1765 perte
878 1687 1045 1749 examinato
1068 1688 1105 1748 ad
1120 1693 1232 1749 certum

205 1770 264 1850 vir
282 1789 334 1849 ille
365 1791 469 1850 doetus
500 1789 639 1868 pervenit
669 1791 767 1850 finem.
819 1790 1011 1866 Argumentis
1042 1791 1121 1851 enim
1150 1790 1233 1852 nisus

205 1892 277 1953 satis
306 1892 446 1968 gravibus
476 1914 541 1952 cum
571 1894 795 1954 antecedentem
824 1893 960 1953 libellum
990 1896 1027 1954 de
1057 1893 1136 1954 bello
1163 1895 1232 1955 Ale·

206 1995 353 2055 xandrino
376 1994 476 2055 Hirtio
507 1995 683 2069 vindicaret,
714 1995 844 2075 reliquos
874 1996 910 2055 de
937 1995 1014 2055 bello
1037 1996 1179 2057 Africano
1201 2001 1233 2057 et

207 2097 398 2177 Hispaniensi
428 2097 652 2158 commentarios
682 2118 743 2159 non
764 2099 850 2158 modo
873 2100 911 2158 sb
935 2097 1037 2159 Hirtio
1060 2100 1113 2159 sed
1134 2119 1173 2160 ue
1195 2101 1232 2161 eb

205 2221 264 2262 uno
286 2202 450 2281 eodemque
472 2200 593 2279 quidem
615 2200 735 2261 homine
757 2199 863 2261 statuit
885 2220 948 2260 esse
971 2199 1158 2278 compositos.

291 2302 386 2367 Quam
417 2306 454 2364 ad
476 2303 655 2364 sententiam
677 2303 821 2364 adductus
844 2309 891 2364 eet
912 2323 978 2363 cum
1000 2305 1158 2366 verborum
1180 2307 1231 2365 de·

205 2408 300 2468 lectus
331 2427 406 2488 quae
437 2407 640 2468 intercederet
662 2404 743 2466 inter
764 2409 819 2468 hos
842 2413 903 2468 tres
924 2407 1149 2468 commentarios
1171 2408 1231 2469 dis·

204 2509 408 2584 similitudine,
430 2515 495 2570 tum
517 2516 615 2571 autem
638 2515 668 2569 et
690 2509 914 2587 compositionis
937 2516 966 2570 et
985 2510 1130 2571 sermonis
1145 2509 1231 2572 (liffe-

203 2612 317 2674 tentiis.

289 2716 408 2776 Etenim
430 2717 462 2776 in
485 2715 693 2777 commentario
718 2717 756 2776 <le
780 2716 859 2777 bello
883 2716 1025 2777 Africano
1048 2735 1147 2777 rerum
1171 2717 1230 2776 ‹lis-

203 2818 393 2895 positionem,
425 2840 490 2880 cum
513 2819 601 2881 unice
623 2825 797 2898 sequeretur
819 2819 936 2880 dierum
959 2819 1114 2894 rationem,
1148 2820 1229 2880 omni

203 2941 303 2982 carere
332 2929 405 2997 arte,
436 2923 555 2983 dicendi
586 2927 685 2983 autem
710 2943 805 2999 genus
827 2942 885 2983 non
907 2923 1003 2984 solum
1025 2923 1177 2982 abundans
1199 2927 1230 2984 et

203 3023 385 3101 languidum,
407 3046 510 3086 verum
533 3024 623 3086 etiam
645 3025 775 3103 priscum
797 3044 861 3086 esee
882 3030 913 3085 et
934 3023 1065 3100 vulgare.

288 3127 477 3207 Quapropter
511 3150 576 3189 oum
608 3128 687 3189 nihil
718 3128 804 3188 nobis
837 3129 874 3189 de
906 3126 994 3188 huius
1024 3129 1228 3190 commentarii

202 3237 322 3294 auctore
344 3233 487 3293 traditum
510 3237 596 3306 esset,
622 3231 696 3293 certi
718 3231 846 3309 proferri
868 3251 954 3311 posse
977 3230 1062 3291 nihil.
1106 3233 1143 3292 Id
1165 3254 1228 3294 cer·

202 3335 317 3397 tissime
340 3342 473 3398 constare
496 3356 556 3397 non
574 3336 666 3396 fuisse
681 3340 830 3396 auctorem
845 3356 861 3396 e
877 3335 1009 3396 (laeseris
1024 3336 1228 3411 familiaribus,

201 3459 267 3499 cum
289 3445 432 3520 quantum
455 3460 492 3499 ex
516 3439 652 3519 epistulis
674 3441 781 3500 horum
804 3439 957 3500 hominum
978 3460 1037 3500 una
1059 3459 1125 3500 cum
1147 3440 1229 3501 Oios-

201 3542 282 3603 ronis
311 3543 438 3604 servatis
467 3542 593 3604 iudicari
623 3549 739 3621 posset,
771 3563 949 3623 quamquam
978 3544 1035 3604 hoc
1056 3542 1227 3622 scriptionis

201 3665 294 3720 genus
316 3646 429 3706 minore
452 3666 524 3707 cura
546 3646 652 3707 confici
675 3647 792 3723 soleret,
814 3666 852 3707 ne
874 3666 951 3708 unus
973 3645 1093 3726 quidem
1107 3645 1225 3707 inveni-

200 3756 292 3824 retur,
315 3749 367 3829 qui
382 3769 546 3810 sermonem
561 3749 671 3812 coleret
684 3750 756 3814 huie
770 3748 980 3818 commentario
994 3749 1096 3828 aliqua
1110 3753 1225 3828 tentum

200 3873 238 3918 ex
261 3855 344 3930 perte
367 3852 501 3931 similerp.
