2872 4778
522 393 758 458 -121-

125 567 256 647 proprio.
301 567 446 628 Similiter
470 567 519 642 79,
542 574 560 627 2
585 570 684 646 Scepsio
713 603 755 612 —-
784 569 910 646 cognitis
934 570 1068 628 Caesaris
1089 587 1156 628 eon·

126 674 201 732 siliis
221 705 256 717 -
275 670 422 749 confestim
440 673 591 731 Caesarem
614 682 793 731 canescentes.
830 673 882 733 cfr.
901 692 968 749 pag.
983 676 1021 731 31
1039 671 1072 731 in
1087 672 1157 733 fine.

213 781 297 850 83,2
322 775 428 834 bestiae
450 809 492 820 -
515 777 545 833 in
564 786 668 854 portas
690 775 763 833 aallr'
782 808 816 820 -
835 795 921 834 rosere
942 774 1157 856 [contendant]

213 879 272 939 Cur
286 879 334 939 W.
358 878 530 940 constennlnnt
552 898 656 956 parum
678 882 780 957 aptum
803 878 916 939 dixerit
934 879 1026 939 verbo
1042 879 1157 954 ruendi,

128 1002 189 1042 non
203 981 356 1058 intellego.
390 982 465 1041 Nam
486 981 686 1042 contendendi
702 983 880 1043 vocabulum
896 981 1035 1059 scriptori
1050 982 1157 1042 mirum

130 1091 274 1165 quantum
297 1085 441 1145 usitatum
463 1083 606 1162 simplicis
628 1086 723 1145 instar
745 1091 790 1146 eet
805 1084 890 1148 verbi
906 1082 1062 1146 auxiliaris
1078 1086 1157 1164 quod

127 1187 227 1248 verbis
262 1187 352 1247 eundi
385 1186 454 1248 addi
487 1188 580 1261 solet,
615 1193 649 1248 ut
681 1192 840 1263 augeretur
872 1187 954 1249 notio
987 1187 1157 1249 celeritatis.

128 1290 275 1351 Similiter
299 1311 334 1351 eo
357 1290 482 1368 scriptor
505 1310 575 1350 usus
598 1296 645 1351 est
667 1296 716 1366 83,
744 1296 757 1350 l
790 1311 885 1370 equo
915 1293 1084 1350 admisso
1114 1293 1159 1351 ine

130 1395 290 1467 contendit3
314 1394 378 1454 sim.
402 1398 452 1466 50,
475 1397 510 1468 45
535 1398 584 1467 85,
607 1400 624 1452 4
649 1414 710 1473 eqs.
755 1395 808 1455 cfr.
831 1414 898 1471 pag.
922 1399 961 1453 33
986 1394 1052 1454 adu.
1077 1400 1105 1454 2.

217 1502 266 1571 84,
295 1502 376 1556 2-s
410 1498 546 1574 elephans
579 1531 621 1540 -
652 1498 770 1557 nn'litenn
798 1495 969 1574 proboscide
999 1497 1161 1555 ostentabat

129 1610 215 1678 atquc
246 1603 275 1659 in
305 1600 423 1659 sublime
454 1600 569 1659 extollit
599 1596 822 1680 [armatam]¹).
875 1602 925 1677 qni
960 1602 989 1659 in
1021 1600 1162 1658 eiusmodi

126 1703 260 1781 perr'calo
294 1723 356 1762 cnm
391 1713 557 1762 constanter
590 1703 728 1780 agendam
763 1703 822 1762 sibi
853 1704 977 1774 or‘deret,
1015 1737 1056 1746 -
1087 1722 1159 1780 pro·

131 1806 266 1865 boscnileto
291 1808 362 1888 [qna
385 1816 449 1864 erat
470 1804 678 1886 circamdatns]
701 1809 820 1865 caedere
841 1841 884 1852 -
905 1824 962 1865 non
984 1807 1103 1865 destitit.

215 1919 356 1982 armatas,
380 1911 458 1988 quod
477 1909 524 1970 W.
549 1909 679 1982 seclusit,
703 1915 765 1970 tum
789 1911 905 1970 demum
928 1909 1055 1969 otiosum
1076 1908 1160 1970 vide-

130 2012 227 2088 bitur,
258 2012 283 2071 ei
314 2012 491 2089 scripturam
514 2012 668 2072 Leidensis
698 2013 772 2072 falso
803 2012 974 2072 distinctam
1007 2016 1037 2072 et
1065 2011 1159 2072 inter-

131 2115 260 2192 polatam
283 2115 492 2192 receperimus.
529 2117 688 2176 Praeterea
710 2120 772 2175 tum
795 2114 828 2173 iu
851 2113 989 2194 sequenti
1005 2115 1160 2176 enuntiato

132 2239 169 2278 ex
201 2217 301 2278 codice
332 2223 358 2278 Δ
388 2218 557 2279 coniunctio
588 2237 650 2277 cnm
677 2217 863 2279 Woelffliuio
893 2215 1066 2295 recipienda
1093 2218 1161 2294 ruit,

132 2341 208 2401 quae
230 2341 296 2380 eum
318 2321 349 2380 iu
374 2321 398 2380 0
414 2321 500 2396 desit,
524 2320 556 2380 in
573 2324 601 2381 A
618 2342 656 2380 ex
670 2341 765 2399 prava
780 2318 960 2399 repetitione
975 2319 1161 2402 insequentis

132 2424 260 2502 praefixi
289 2444 341 2483 con
371 2429 440 2484 nata
463 2429 516 2486 est.
561 2424 645 2483 Nihil
667 2429 766 2484 autem
791 2425 883 2484 habes
906 2425 985 2504 quod
1008 2423 1161 2504 vituperes

131 2529 163 2587 iu
195 2528 358 2602 enuntiato,
391 2528 478 2606 quale
501 2526 603 2587 extitit
625 2527 656 2586 in
681 2527 705 2586 0
728 2526 783 2605 (=
805 2523 869 2601 1³⁹)
892 2533 923 2588 et
945 2525 993 2606 β);
1024 2527 1161 2605 elephans

132 2667 172 2677 -
196 2631 312 2690 militem
334 2664 377 2675 -
399 2631 526 2690 extollit.
573 2633 725 2702 Arneatas,
758 2633 810 2709 qni
832 2639 998 2690 constanter
1020 2629 1159 2707 agendum

131 2734 190 2794 sibi
210 2736 328 2805 arderet,
352 2733 549 2810 proboscidem
574 2767 614 2777 -
638 2733 756 2791 caedere
777 2752 833 2792 nan
857 2734 979 2792 destitit.

218 2836 376 2898 Notionem
397 2838 507 2896 armati
527 2856 580 2913 pro
602 2836 704 2894 nnititts
719 2833 846 2913 scriptor
860 2834 978 2912 saepius
994 2835 1160 2914 usurpavit,

131 2941 215 3001 velut
247 2945 275 3014 3,
300 2949 336 3015 2;
374 2945 420 3013 12,
444 2946 472 3000 2.
525 2938 690 2999 Levissimo
726 2937 855 3017 denique
888 2938 1045 3016 archetypi
1077 2938 1160 2999 nisus

132 3044 240 3104 mendo
273 3045 339 3123 (qao
368 3063 422 3121 pro
450 3042 520 3121 qao)
551 3044 600 3104 W.
634 3041 821 3102 enuntiatum
850 3041 1011 3104 relativum
1041 3040 1160 3101 delevit

133 3147 207 3206 Nam
226 3147 306 3206 idem
321 3146 372 3225 (sc.
389 3147 579 3224 elephantum
595 3144 683 3205 militi
699 3143 906 3222 proboscidem
921 3143 1160 3222 circumdedisse)

133 3249 245 3309 dictum
268 3250 326 3309 iam
349 3269 412 3309 esse
435 3248 452 3330 S
477 3255 506 3310 2.
550 3248 626 3311 Vide
648 3269 717 3326 pag.
741 3253 779 3307 32
803 3268 833 3308 v.
859 3253 906 3308 16.

221 3357 269 3424 85,
297 3356 311 3410 l
342 3371 380 3411 ee
408 3354 509 3430 appollo
538 3352 715 3430 eruptionem
738 3385 778 3395 -
800 3350 933 3432 saciant,
968 3347 1024 3429 [et]
1049 3351 1108 3407 siae
1130 3357 1163 3407 at

132 3459 194 3515 sais
224 3454 350 3515 sosbsr'dno
380 3465 576 3526 occurrerent,
615 3457 674 3513 sr'oe
703 3486 745 3498 -
775 3455 895 3513 salutem
925 3453 984 3514 sebi
1007 3460 1158 3532 parerent,

134 3559 360 3640 [egrediantur].

220 3662 268 3724 W.
291 3661 413 3721 seclusit
430 3681 489 3721 una
504 3681 570 3721 cum
586 3659 733 3738 particule
747 3660 915 3720 atvertum
929 3659 1018 3738 plane
1034 3657 1160 3720 otiosum

134 3767 332 3842 egrediantur,
354 3765 519 3826 cumidem
543 3764 595 3842 (so.
614 3782 748 3842 egressus
765 3783 804 3824 ex
818 3763 942 3843 oppido)
964 3761 1022 3824 iam
1044 3763 1163 3839 pateret

204 3936 230 3999 1)
248 3936 289 3985 sie
306 3939 336 3986 L.
354 3950 404 3986 rec.
422 3937 463 3986 W.
481 3963 515 3974 -
533 3935 631 3986 amaad.
666 3931 787 3983 Amnes
803 3960 838 3971 -
855 3932 888 3984 0.

205 4025 231 4085 3)
248 4020 376 4085 Amatae,
393 4023 453 4085 pald
469 4021 587 4089 agendam
604 4028 673 4083 asset,
691 4020 740 4073 sai
748 4035 802 4069 cans
813 4019 918 4071 aare:
935 4020 959 4068 V
970 4019 1075 4082 turpiter
1086 4017 1162 4068 inter·

133 4107 240 4174 palatus.
