2872 4778
599 346 835 414 -101-

290 525 339 596 al,
363 527 381 581 4
411 524 508 599 Atque
519 520 547 598 ¹)
578 520 649 579 haee
677 539 734 580 non
764 523 823 598 ipse
845 540 1071 597 persecurum
1094 555 1147 594 —,
1181 523 1233 580 sed

202 625 334 685 mirabili
363 621 582 706 [proede'tus]¹)
604 625 726 682 seientia
749 623 878 682 bellandi
896 656 938 668 -
962 625 1122 702 imperabat
1144 621 1231 706 [quoe

191 730 271 806 steri
290 725 427 809 volebat]⁸

288 830 446 891 Euuntiati
475 829 670 904 anacoluthie,
704 848 778 909 quae
808 829 879 890 iudo
905 833 970 890 orta
992 835 1045 904 eet,
1077 832 1158 910 quod
1179 834 1230 890 ob-

201 935 312 996 ieotum
334 935 405 992 haee
427 935 560 1011 pendeus
582 953 621 993 ex
642 932 810 1010 imperandi
829 933 972 994 vocabulo
994 933 1027 992 iu
1049 933 1109 994 fine
1131 934 1229 1012 posito

200 1037 344 1098 definitur
366 1034 520 1096 enuntiato
543 1035 679 1110 relativo,
709 1056 781 1113 prae
802 1035 929 1116 reliquis
951 1036 1139 1112 gravioribus
1161 1057 1230 1096 ana-

202 1138 352 1200 ooluthise
375 1138 520 1215 exemplis
542 1138 620 1197 nihil
641 1139 751 1198 habore
774 1143 874 1216 potest
894 1138 1085 1214 offensiouie3
1116 1139 1231 1200 aceedit

202 1243 282 1322 quod
310 1241 484 1319 compositio
515 1259 588 1319 quae
610 1241 688 1318 steri
714 1242 800 1299 vellet
828 1240 966 1318 seriptori
998 1244 1153 1303 admodum
1185 1248 1230 1303 eet

202 1350 343 1406 consuete
367 1346 394 1420 7,
421 1349 451 1420 l;
477 1350 527 1419 46,
552 1348 583 1415 13
608 1344 657 1417 57,
680 1350 708 1404 2.
754 1345 819 1404 Hoe
841 1349 940 1404 autem
963 1345 1026 1406 loeo
1048 1345 1230 1407 indioativus

201 1452 372 1526 usurpatur,
395 1447 466 1528 quia
487 1446 648 1507 relativum
671 1466 728 1506 uon
749 1446 881 1507 adnectit
895 1467 1060 1509 sermonem
1074 1447 1229 1528 obliquum

202 1572 240 1611 ex
263 1551 431 1628 imperandi
454 1552 545 1613 verbo
568 1553 670 1627 aptum
693 1551 745 1611 sod
767 1551 971 1612 tantummodo
993 1551 1101 1611 definit
1122 1557 1153 1611 et
1174 1551 1230 1611 oir-

201 1654 373 1716 oumsoribit
408 1674 493 1732 pron.
530 1655 693 1715 demonstr.
724 1655 796 1712 haee
826 1658 857 1714 et
886 1653 1030 1731 simplidis
1059 1654 1155 1715 instar
1184 1662 1231 1716 est

201 1759 320 1820 obieoti.

288 1866 337 1936 31,
362 1862 453 1921 5-7.
487 1859 690 1938 Expositums
713 1859 821 1940 quibus
844 1862 932 1921 rebus
947 1866 1108 1923 commotus
1123 1864 1230 1924 Caesar

200 1966 328 2025 oonfisus
351 1965 391 2026 sit
411 1966 514 2025 hostes
536 1967 631 2024 eostre
653 1983 706 2023 sua
727 1983 788 2023 non
811 1983 875 2024 esse
897 1984 1087 2040 aggressuros
1102 1965 1230 2042 seriptor

200 2075 261 2130 tres
282 2069 369 2128 affert
391 2087 502 2129 sauses.
547 2065 678 2130 Quarum
710 2065 814 2143 prima,
844 2070 879 2126 ut
909 2070 993 2143 patet
1020 2087 1059 2125 ox
1080 2069 1181 2130 verbis
1202 2079 1231 2127 et

200 2192 361 2231 eoncessum
377 2173 465 2230 vitem
480 2179 509 2228 et
523 2172 622 2247 agnota
636 2178 768 2247 peceato,
791 2168 930 2246 inprimis
949 2173 1064 2247 speotot
1078 2171 1116 2230 ad
1130 2172 1229 2246 duoee,

202 2273 254 2354 qui
284 2294 372 2351 saepe
403 2275 565 2334 acaesare
596 2272 669 2333 vieti
699 2271 791 2333 vitam
822 2271 886 2332 eius
916 2273 1060 2333 beneficio
1083 2278 1229 2336 servatam

201 2379 360 2440 hebebant
396 2379 504 2456 Itaque
525 2377 583 2436 hae
603 2377 640 2435 de
662 2394 750 2434 eausa
771 2373 850 2435 nihil
867 2394 917 2444 eos
933 2395 1081 2436 assumere
1096 2375 1229 2453 potuisse

201 2479 324 2556 spiritus
347 2479 475 2557 seriptor
497 2477 715 2540 oonoludit.
752 2477 837 2538 Unde
860 2477 1004 2559 sequitur,
1027 2483 1060 2539 ut
1080 2478 1112 2538 iu
1128 2479 1230 2541 verbis

201 2584 301 2662 quibas
328 2580 439 2665 [rebus]
462 2600 606 2660 nunquam
630 2591 711 2641 tento
734 2591 895 2660 suppeteret
916 2603 953 2641 es
976 2573 1100 2661 ipsorum
1124 2586 1229 2642 inertia

200 2720 243 2729 —
265 2688 405 2744 oe'etore'ee
417 2684 535 2763 fiducia
559 2684 672 2744 iniuria
694 2686 742 2747 W.
765 2685 913 2746 deleverit
934 2684 1027 2747 rebus.
1073 2688 1230 2748 Praeterea

201 2788 302 2849 dativo
331 2787 510 2868 suppetendi
539 2789 664 2848 verbum
695 2807 797 2848 carere
828 2792 935 2864 potest,
964 2789 989 2848 si
1019 2789 1046 2848 is
1073 2788 1151 2849 sieut
1171 2791 1229 2850 hoo

201 2892 265 2952 loeo
297 2912 335 2952 ex
357 2892 572 2952 sententiarum
595 2910 733 2952 oonuexu
755 2895 845 2968 patet.
890 2891 942 2950 ofr.
965 2891 1034 2952 bell.
1058 2890 1134 2953 Gall.
1157 2892 1228 2965 VII,

202 2996 252 3069 77,
275 3001 303 3054 2.

287 3098 391 3158 Altera
419 3097 527 3158 deindo
553 3097 688 3177 sequitur
711 3116 815 3157 eausa:
841 3104 992 3173 praeterea
1015 3097 1106 3174 speeies
1127 3114 1227 3155 nemea

203 3205 418 3279 auctoritasque
449 3220 555 3279 magne
583 3221 620 3259 es
648 3210 736 3278 perte
763 3218 860 3258 eorum
891 3196 1062 3281 [exereitus]
1085 3197 1229 3258 metuebat

202 3306 362 3380 eudociam,
386 3324 462 3384 quae
485 3305 511 3365 ei
533 3303 605 3365 item
627 3310 661 3364 ut
675 3305 723 3364 W.
746 3303 812 3365 vult
834 3305 872 3363 ad
893 3305 982 3364 duces
1003 3307 1127 3380 spectat,
1150 3302 1228 3362 nihil

201 3409 263 3468 fere
285 3407 357 3467 novi
378 3407 462 3468 addit
484 3412 515 3468 et
536 3408 676 3468 abundat.
713 3405 840 3468 Diversa
862 3411 960 3468 autem
983 3412 1037 3482 eet,
1059 3405 1085 3466 si
1100 3407 1228 3466 refertur

201 3512 237 3570 ad
260 3511 423 3571 exereitum
445 3530 555 3585 eorum,
578 3515 788 3590 praeterquam
811 3511 891 3590 quod
904 3508 1093 3588 imperatorie
1108 3508 1227 3570 nomine

201 3613 293 3690 magis
316 3619 538 3676 eommovontur
560 3613 673 3674 milites
695 3633 783 3692 quam
805 3614 904 3675 duoss.
943 3615 1050 3693 Itaque
1071 3612 1228 3688 genetivus

201 3721 346 3777 euerritur
367 3720 444 3778 bene
465 3736 497 3777 ee
511 3718 603 3779 habet
617 3735 715 3796 neque
730 3716 915 3777 offendemur
929 3715 1070 3791 genetivo
1085 3735 1122 3775 ex
1137 3734 1228 3791 gone·

272 3958 296 4026 1)
314 3960 350 4008 od
366 3974 396 4020 α;
414 3965 441 4006 ot
460 3961 476 4027 β
493 3973 541 4007 em.
558 3958 657 4008 Froehl.

269 4046 296 4113 2)
315 4061 363 4096 om.
380 4046 499 4097 Koehler.
512 4044 607 4111 peritus
623 4046 654 4095 Ο.
