2872 4778
546 425 764 499 ..57-

140 621 353 682 nonnunquam
381 603 455 664 talia
484 605 642 666 admittere
663 607 778 668 veritus
801 626 862 667 non
884 612 938 680 est,
970 611 1070 668 tamen
1088 606 1167 670 iusto

140 705 288 779 audacior,
311 705 364 786 qui
386 706 474 767 huius
497 708 703 784 neglegentiae
726 729 805 771 nova
820 711 958 787 exempla
973 710 1072 771 verbis
1088 711 1168 770 sanis

140 808 287 869 obtrudat.

224 910 263 969 ib.
295 919 328 968 ui
357 912 459 970 malici
485 915 565 988 regis
587 933 647 972 esse
669 915 834 991 vecturus,
868 934 951 993 quam
975 935 1037 974 eum
1060 915 1170 976 orbibus

140 1017 169 1072 iu
192 1011 327 1094 [patric]
349 1012 410 1094 [in]
432 1016 493 1072 sur's
507 1015 642 1094 fortunis
664 1036 725 1075 esse
746 1019 911 1076 incolumes.

225 1115 392 1178 Woelfflini
415 1116 601 1176 coniecturae
618 1118 650 1176 id
664 1121 838 1195 refragatur,
860 1124 939 1200 quod
956 1123 1053 1182 deleto
1066 1124 1168 1198 puleio

140 1220 284 1279 vocabulo
307 1220 454 1280 oratorius
477 1241 595 1301 quoque
618 1223 708 1297 color,
736 1243 823 1303 quem
845 1225 946 1303 prodit
968 1224 1057 1286 etiam
1081 1245 1169 1304 asyn-

139 1325 238 1396 deton,
268 1323 394 1384 deletur.
439 1327 468 1382 ic
494 1328 598 1400 patric
631 1325 710 1385 enim
741 1331 771 1386 et
801 1329 881 1403 apud
900 1348 995 1404 regem
1018 1328 1068 1389 vel
1089 1331 1169 1405 regis

142 1444 201 1486 nou
223 1425 321 1485 minus
343 1425 401 1485 sibi
425 1432 616 1504 opponuntur
638 1431 727 1507 atque
750 1431 779 1486 iu
802 1433 862 1488 sus's
873 1429 1010 1507 fortunis
1032 1435 1063 1489 et
1083 1433 1169 1488 uecti-

137 1530 241 1605 galem
275 1530 366 1589 verba
396 1535 496 1589 autem
526 1532 556 1587 in
581 1533 684 1606 patric
714 1530 836 1590 minime
867 1532 1018 1607 languent,
1053 1533 1169 1592 etiamsi

141 1631 291 1691 antecedit
313 1651 375 1689 eum
399 1631 518 1706 civibus,
552 1634 631 1711 quod
652 1633 730 1692 nihil
752 1633 834 1692 aliud
856 1633 1004 1709 significat
1026 1634 1084 1694 nisi
1106 1654 1168 1693 eum

143 1736 339 1795 Caesarianis.

229 1840 276 1910 11,
299 1843 317 1895 3
341 1838 381 1896 ud
401 1836 565 1917 [appellum]
587 1840 752 1916 Ruspinam.

227 1944 268 2000 At
289 1941 392 2000 confer
413 1960 499 2000 usum
522 1940 677 2017 scriptoris
701 1944 782 2015 87,l
809 1943 849 2000 ud
869 1942 1001 2019 oppidum
1020 1943 1169 2017 Paradae;

142 2050 191 2115 36,
215 2049 233 2102 2
256 2064 293 2100 ec
315 2063 382 2120 opp.
413 2045 576 2120 Thysdrae3
608 2047 839 2121 58‚41·nopp.
869 2045 992 2118 licitam
1024 2049 1073 2117 91,
1097 2051 1116 2102 2
1139 2047 1169 2103 in

141 2166 208 2223 opp.
232 2148 359 2220 Zamae;
383 2152 467 2219 59,4
491 2168 557 2226 opp.
583 2149 686 2217 Uzs'la3
710 2149 796 2221 37,2
819 2147 860 2204 ad
880 2145 1044 2226 [appellum]
1066 2149 1170 2224 Ruspi-

141 2267 206 2307 nam
229 2267 344 2320 uersus3
369 2255 418 2322 20,
446 2255 458 2308 l
485 2249 522 2308 ab
544 2269 611 2327 opp.
636 2251 776 2327 Ruspina.

231 2355 314 2424 ll‚4
338 2353 419 2410 s'llum
436 2351 616 2430 (Caesarem)
639 2371 701 2410 eum
725 2353 817 2410 classe
839 2350 959 2410 nucibus
981 2384 1023 2395 —
1044 2349 1170 2409 subsilire

143 2458 186 2511 ire
208 2454 282 2512 olum
304 2453 463 2534 [hostibus]
487 2455 611 2513 celerose
632 2489 684 2526 -,
709 2474 797 2532 neque
818 2473 880 2513 eam
903 2474 961 2513 rem
984 2474 1032 2512 eos
1047 2454 1172 2514 celuim

143 2558 230 2627 serbe,
256 2559 356 2634 quiin
376 2559 529 2634 praesideis
551 2560 651 2615 relicti
669 2560 718 2616 sui
739 2559 843 2616 milites
855 2557 995 2635 sus'sseni.

230 2664 273 2719 At
302 2659 355 2738 qui
383 2661 482 2737 potuit
507 2661 628 2734 (laesas,
661 2681 726 2720 cum
757 2662 882 2737 probata
903 2659 1072 2721 Woelfflini
1102 2679 1172 2720 oon·

143 2761 257 2822 iectura
279 2763 353 2820 olam
376 2764 510 2823 absolute
533 2763 644 2823 dictum
668 2768 754 2836 esset,
783 2764 859 2823 elam
881 2763 967 2823 suis
989 2783 1080 2823 naves
1102 2782 1172 2822 con-

145 2863 303 2925 scendere?
344 2866 383 2926 Et
405 2885 457 2925 our
478 2872 541 2926 tum
563 2866 683 2927 additur
704 2886 793 2944 neque
814 2884 875 2924 eom
899 2885 958 2923 rem
980 2885 1028 2923 eos
1051 2865 1173 2924 oolur‘sse

144 2969 232 3038 scire,
256 2969 360 3046 qui-
377 2970 476 3027 relicti
491 2967 637 3048 furerent?
665 2970 773 3049 Itaque
789 2967 963 3030 adverbium
978 2969 1052 3027 elam
1067 2966 1172 3047 utique

146 3069 354 3147 explicationis
375 3071 505 3146 indiget:
529 3076 614 3150 patet
636 3071 715 3133 enim
731 3072 885 3131 Gaesarem
908 3073 939 3130 et
953 3071 1029 3130 clam
1043 3069 1173 3130 hosti-

146 3176 220 3233 bus
250 3174 416 3250 profectum
448 3195 529 3249 esse,
561 3195 599 3235 ne
630 3195 661 3234 se
692 3176 946 3252 subsequerentur
973 3173 1023 3233 vel
1054 3171 1173 3232 relictas

147 3275 246 3352 copias
276 3296 308 3336 se
336 3279 458 3338 absente
489 3277 700 3355 opprimerent,
731 3281 762 3337 et
790 3274 946 3336 consilium
969 3296 1062 3349 suum,
1094 3275 1174 3355 quod

146 3381 272 3439 fortasse
300 3379 497 3459 complurium
529 3381 642 3440 dierum
674 3378 838 3440 absentiam
869 3378 1054 3459 requirebat,
1088 3397 1173 3439 exer-

147 3483 239 3542 citum
261 3481 413 3559 Ruspinae
435 3484 572 3545 relictum
594 3484 713 3557 celasse,
735 3502 773 3542 ne
795 3487 878 3542 metu
901 3483 1051 3542 deficeret.

235 3590 283 3659 12,
307 3591 326 3644 2
356 3586 410 3644 lac
437 3607 469 3645 re
491 3588 609 3664 cognitu
634 3587 742 3644 Caesar
764 3585 898 3643 celeriter
920 3584 998 3643 iubet
1017 3585 1172 3662 equitatum

149 3691 310 3747 universum
333 3691 414 3748 cuius
436 3692 546 3766 coprem
569 3688 719 3747 albuuin
738 3688 908 3765 praesentia
932 3685 1004 3766 [non
1026 3681 1174 3763 magnam]

147 3801 176 3850 et
203 3793 378 3868 sagittarios
406 3793 538 3873 [quorum
557 3810 668 3869 parcus
687 3787 840 3870 pumerca]
863 3809 900 3847 ec
921 3790 1028 3848 corbis
1049 3789 1171 3846 arcessi.

234 3895 305 3954 Cum
336 3896 361 3954 1.
389 3914 445 3954 nou
475 3914 607 3972 magnum
639 3894 802 3967 omisisset,
833 3891 899 3969 ipse
920 3893 967 3954 W.
990 3910 1110 3970 quorum
1132 3923 1174 3935 -

148 4015 283 4056 numerus
311 4016 350 4058 ex
379 3997 579 4058 concinnitate
602 3997 716 4059 delevit
736 3997 953 4074 interpretatus
975 4014 1052 4074 quae
1073 4013 1176 4073 super-

149 4104 234 4160 sunt:
266 4102 348 4160 cuias
378 4103 489 4179 copiam
519 4100 621 4160 laturi
649 4119 679 4160 sa
707 4101 893 4180 praesentia,
926 4097 998 4157 iiber
1019 4097 1064 4156 die
1085 4099 1175 4156 erim
