2872 4778
650 385 705 398 ¹-
750 349 812 418 114
855 384 898 400 ·-—

265 543 339 603 pune
369 534 455 584 erant
485 533 569 584 estro
598 523 744 585 cothonem
775 529 900 586 incensis
926 559 969 573 -
995 545 1099 586 rursus
1120 546 1151 586 se
1172 532 1297 607 recepit.

268 628 340 688 Fuit
360 627 452 704 igitur
473 647 536 688 mos
557 628 590 688 in
613 628 660 688 his
682 631 834 705 portubus,
856 633 890 689 ut
912 649 1002 693 naves
1017 631 1171 691 onerariae
1186 631 1220 691 in
1237 633 1301 692 salo

266 737 351 792 extra
373 732 529 793 cothonem
552 733 588 791 ad
611 751 733 793 ancoras
749 732 959 809 deligarentur,
982 753 1047 792 cum
1064 739 1196 810 onustae,
1221 735 1302 795 sicut

266 835 356 896 etiam
385 855 509 911 magnae
531 840 670 912 penteres
693 835 757 914 (62,
782 835 813 914 5)
836 841 960 913 propter
980 838 1056 897 vada
1078 837 1202 914 propius
1226 839 1301 898 litus

265 937 376 1018 appelli
399 959 459 998 non
482 943 611 1015 possent.
657 941 710 1000 cir.
739 944 785 1014 ll,
809 945 826 997 3
859 939 978 998 nauibus
998 941 1040 996 eis
1063 943 1229 1017 inportuna
1253 960 1301 999 re-

266 1043 356 1119 ceptis
377 1050 407 1099 et
427 1041 606 1100 adnectis
629 1043 679 1120 (sc.
696 1042 826 1121 scaphis)
850 1044 970 1101 militnm
993 1045 1173 1121 equitumque
1190 1047 1297 1121 copiis.

266 1143 347 1208 Quid
375 1149 473 1205 autam
503 1145 605 1206 verbis
637 1164 742 1204 nocuos
771 1166 788 1204 o
817 1146 1017 1224 defensoribus
1048 1145 1217 1206 iaciendum
1250 1147 1300 1219 eit,

266 1247 389 1309 dubium
411 1266 475 1308 esse
498 1252 604 1325 potest.
649 1249 680 1309 Si
703 1254 738 1309 ut
759 1249 880 1312 videtur
903 1254 954 1323 63,
978 1254 995 1306 3
1018 1258 1189 1325 recuperato
1213 1253 1300 1327 purn-

265 1353 466 1429 quercmicum
487 1355 571 1411 suis
593 1352 763 1411 omnibus
785 1350 960 1429 epibatis
979 1353 1016 1410 ad
1032 1351 1165 1411 caesaris
1180 1357 1301 1428 spectat

266 1454 410 1532 epibatas,
439 1458 501 1514 tum
533 1474 594 1516 non
622 1455 715 1515 solum
739 1458 831 1525 verba
852 1455 907 1514 illa
929 1473 1034 1514 uacuos
1056 1473 1073 1512 a
1096 1454 1301 1533 defensoribus

264 1577 370 1635 parum
402 1563 471 1635 apta
501 1563 581 1635 sunt,
610 1579 714 1619 rarum
746 1559 834 1618 etiam
866 1559 969 1618 eadem
991 1557 1023 1617 in
1047 1562 1095 1630 62,
1121 1560 1149 1616 4.
1195 1555 1299 1622 Quare

265 1665 317 1721 aut
331 1660 459 1738 scriptor
474 1663 639 1722 censendus
654 1666 699 1721 est
712 1663 787 1720 haec
802 1662 904 1734 rerba,
919 1663 952 1721 ut
967 1664 1126 1721 excusaret
1141 1664 1300 1736 acceptum

265 1763 494 1842 incommodum,
510 1762 730 1824 inconsiderata
745 1763 903 1836 addidisse,
920 1762 990 1842 quia
1005 1782 1092 1823 nemo
1105 1764 1299 1839 repugnavit,

266 1871 317 1927 aut
339 1865 441 1927 classis
464 1885 557 1927 vacua
578 1865 687 1926 dicitur
709 1886 726 1926 a
748 1867 963 1940 defensoribus,
986 1866 1056 1946 quia
1078 1865 1299 1926 classiariorum

266 1970 359 2030 altera
380 1989 457 2047 pars,
489 1969 555 2030 dico
577 1970 714 2046 remiges,
742 1990 800 2030 non
824 1971 935 2031 aderat.
980 1970 1063 2029 Haeo
1085 1968 1299 2046 interpretatio

265 2075 423 2135 admodum
444 2073 580 2134 redditur
601 2074 767 2154 probabilis
789 2073 903 2133 ultimis
925 2071 1031 2150 capitis
1046 2073 1146 2133 verbis
1162 2081 1298 2149 penteres

266 2181 338 2235 duos
369 2196 475 2236 caereus
505 2196 523 2236 o
546 2177 747 2255 defensoribus
768 2177 850 2236 nullo
872 2184 1052 2253 repugnante
1073 2178 1156 2254 cepit,
1187 2176 1240 2235 ubi
1264 2183 1300 2236 ut

266 2279 386 2341 videtur
408 2282 466 2341 duo
489 2279 714 2356 distinguuntur
736 2281 923 2340 defensorum
946 2297 1064 2355 genera.

352 2388 434 2457 66,1
460 2393 504 2443 est
525 2385 697 2443 consuetudo
721 2383 893 2454 incolarum,
919 2392 951 2440 ut
970 2415 1013 2426 -
1034 2401 1134 2459 specus
1155 2415 1197 2426 --
1219 2382 1297 2442 ctam

265 2484 391 2545 bubeont
412 2495 497 2566 atquc
519 2488 550 2545 id
565 2495 691 2564 propter
712 2486 787 2545 betta
810 2488 935 2545 monime
956 2519 996 2530 -
1020 2482 1241 2564 [praeparent]

354 2588 402 2649 W.
425 2588 540 2649 delevit
551 2598 737 2666 praeparent.
783 2588 991 2649 Difficiliorem
1014 2589 1094 2648 enim
1109 2589 1219 2648 habere
1244 2609 1299 2648 ex·

266 2689 459 2766 plicationem
474 2710 637 2769 pronomen
655 2693 692 2752 id.
720 2695 942 2772 supernomen
957 2712 1018 2752 non
1033 2693 1071 2752 ad
1086 2696 1195 2752 certam
1212 2698 1299 2753 ante-

266 2793 398 2854 cedentia
419 2794 570 2855 enuntiati
592 2794 743 2856 notionem
766 2800 882 2873 spectat
901 2796 954 2856 sed
973 2795 1072 2873 ipsum
1089 2799 1186 2855 totum
1201 2814 1299 2856 enun-

266 2897 373 2957 tiatum
390 2898 437 2977 (ut
451 2903 502 2974 29,
515 2900 547 2978 2)
562 2899 787 2979 complectitur:
802 2901 833 2957 id
846 2919 886 2960 sc.
902 2909 936 2958 ut
948 2918 1050 2977 specus
1065 2900 1139 2958 cion
1155 2898 1295 2959 babeant.

267 3001 319 3061 cir.
344 3006 394 3076 60,
417 3006 437 3061 4
466 3002 499 3061 id
526 3002 579 3081 (so.
609 3003 688 3063 acies
710 3022 749 3062 ex
771 3007 857 3078 parte
879 3002 991 3079 triplex
1014 3007 1158 3082 exparte
1181 3003 1299 3079 duplex

265 3104 425 3185 instructa)
447 3125 480 3164 eo
503 3107 624 3166 consilio
640 3105 763 3183 fecerat
782 3138 837 3164 -.

353 3213 402 3281 66,
441 3214 459 3266 3
503 3211 592 3270 Cuius
625 3212 680 3270 uim
716 3207 939 3291 [multitudinis]
972 3228 1036 3269 cnm
1068 3212 1175 3288 equites
1205 3213 1302 3289 pauci

268 3311 443 3370 Caesariani
464 3311 552 3392 [torn]
574 3316 716 3372 sustinere
738 3333 794 3372 non
814 3322 941 3391 possent,
966 3346 1020 3370 —.

352 3412 424 3473 Cum
438 3415 576 3476 hocloco
592 3421 627 3476 ut
647 3420 693 3477 tot
706 3416 774 3477 aliis
797 3416 861 3495 (47,
878 3422 896 3477 6
921 3435 1115 3495 aquarumque
1136 3419 1175 3475 ui.
1208 3421 1259 3490 69,
1277 3423 1296 3476 2

266 3516 409 3595 equitibus
438 3519 561 3578 bostium
590 3523 623 3578 oi
648 3522 800 3598 oppositis.
843 3524 892 3595 52,
916 3526 951 3592 2;
984 3521 1034 3595 70,
1057 3526 1093 3591 2;
1118 3519 1168 3594 76,
1191 3519 1223 3598 7)
1253 3522 1297 3578 uss

265 3619 345 3679 idem
367 3620 517 3697 significet
538 3641 572 3682 ac
594 3625 725 3700 inpetus,
750 3622 828 3682 nihil
851 3629 896 3683 ast
919 3642 977 3703 quo
1000 3623 1192 3684 offendamus.
1235 3622 1297 3684 De·

266 3723 400 3785 tenditur
414 3724 539 3805 insuper
552 3727 732 3788 vocabalum
744 3726 935 3785 multitudinis
950 3731 981 3787 at
992 3727 1140 3789 contrario
1152 3725 1296 3791 adiectiri

264 3829 357 3902 pauci
383 3833 414 3888 et
441 3830 508 3890 loco
539 3829 686 3890 consimili
711 3834 760 3904 52,
784 3835 802 3889 2
835 3831 1009 3890 Caesariani
1029 3833 1060 3889 oi
1078 3833 1230 3891 uniuersae
1252 3865 1295 3876 —

266 3928 388 3988 bostium
411 3932 603 3992 multitudinis
614 3933 706 4011 puisi.
753 3931 905 3993 Particula
927 3935 984 3993 inm
1006 3937 1077 3996 nata
1098 3939 1144 3995 ast
1165 3955 1204 3995 ex
1220 3935 1296 3996 falsa

267 4032 446 4108 repetitione
468 4035 618 4098 clausulae
640 4036 722 4100 vocis
744 4037 948 4100 antecedentis
972 4039 1182 4100 Caesariani.
