2932 4784
613 382 847 451 ..126³-

299 563 409 620 moueri
431 579 486 638 pua
509 562 603 636 magis
624 560 731 618 Asinrb
752 558 806 618 vix
828 556 968 633 imputari
992 575 1077 633 posse
1100 557 1149 617 W.
1175 577 1249 619 eon·

216 664 323 725 tendit.
368 668 411 723 nt
433 664 511 722 hune
533 661 730 723 ratiocinandi
752 661 869 720 modum
893 680 981 737 snpra
1003 661 1083 736 (pag.
1108 659 1163 738 13)
1185 661 1249 720 iam

214 763 384 830 notavimus
407 787 466 826 non
488 786 552 826 esse
575 765 655 825 eauti
678 765 782 824 eritiei.
821 747 942 823 desedit
957 765 1035 844 quod
1051 764 1129 839 apud
1144 764 1249 840 ipsum

212 871 370 930 Gaesarem
391 869 503 945 legitur
525 869 594 930 bell.
618 869 675 929 eiv.
698 871 723 941 I,
748 873 797 939 82,
822 872 840 924 3
868 885 939 943 qiua
961 869 1083 924 miuus
1105 866 1251 926 dimicare

216 974 302 1032 uellet
323 971 523 1031 manebatis
532 992 558 1029 r.
599 971 684 1031 Unde
707 970 841 1048 seqnitur
863 970 1041 1028 eontrarium
1062 987 1175 1026 misirere
1190 991 1250 1047 qna

215 1078 319 1152 magis,
346 1094 524 1155 quamquam
547 1075 694 1150 exemplis
715 1073 836 1150 probari
859 1093 918 1131 non
940 1077 1046 1151 petest,
1070 1073 1250 1132 nonfacere

216 1182 319 1237 eontra
341 1179 462 1251 linguae
483 1178 624 1236 indolem.
666 1176 765 1234 Huius
786 1175 915 1253 denique
938 1174 1090 1251 scriptoria
1112 1175 1251 1235 indolem

217 1286 351 1358 apertam
374 1280 560 1341 enuntiatum
578 1280 789 1356 praeseferre
805 1279 904 1338 elucet
917 1297 954 1336 ex
970 1278 1136 1336 sententiae
1152 1280 1252 1339 forma

217 1389 248 1443 et
269 1383 449 1444 affirmativa
471 1389 502 1442 et
522 1383 672 1457 negativa.
716 1383 768 1440 eir.
792 1381 900 1454 ad73,
925 1386 953 1440 2.

301 1491 351 1554 95.
377 1490 391 1544 l
425 1486 456 1544 Ρ.
486 1489 581 1544 Silius
602 1520 644 1531 —
666 1505 729 1546 aum
751 1487 807 1542 iter
828 1503 891 1541 rum
911 1486 1015 1561 paneis
1036 1480 1103 1560 [per
1126 1485 1251 1544 Maure-

216 1589 338 1669 taniam]
374 1590 413 1646 ad
446 1591 595 1647 Caesarem
624 1587 759 1669 faceret,
796 1586 876 1664 farte
909 1588 1012 1645 iaeirlit
1045 1588 1074 1644 iu
1107 1588 1250 1645 Fsrirstum

216 1692 446 1770 Afraniumque,
482 1693 534 1769 qui
561 1710 621 1749 eam
652 1710 763 1748 maman
796 1688 955 1760 iubebant,
989 1691 1039 1767 qni
1063 1691 1171 1748 Uticam
1200 1693 1250 1747 di·

216 1796 370 1871 ripuerant
390 1793 514 1872 [iterque
536 1796 565 1852 in
589 1795 758 1870 Hispaniam
782 1789 979 1870 intendebant]
1001 1825 1054 1850 -.

302 1897 433 1956 Primum
449 1896 562 1956 delevit
573 1897 620 1957 W.
634 1915 687 1973 per
701 1897 921 1967 Mauretaniam,
937 1915 1004 1952 nam
1020 1915 1085 1953 essm
1100 1897 1176 1954 laba
1191 1916 1249 1954 rex

215 1999 323 2059 fnisset
337 1999 495 2058 Numidiae
517 2004 549 2058 et
563 1998 727 2070 Gaetuliae,
750 2019 809 2058 non
825 1999 959 2073 petuisse
974 1997 1091 2070 sitium,
1114 1999 1165 2076 qui
1183 2002 1249 2058 eiua

215 2103 316 2179 sepias
338 2102 509 2177 delevisset,
530 2102 589 2162 iter
611 2121 665 2179 per
685 2101 902 2161 Mauretaniam
924 2102 1031 2161 faeere.
1072 2100 1157 2162 Quod
1180 2122 1249 2161 eum

215 2226 319 2266 verum
343 2205 391 2278 sit,
421 2205 565 2285 seqnitur,
594 2211 628 2264 ut
649 2207 723 2264 haee
745 2206 837 2263 verba
858 2204 928 2263 hine
951 2204 1083 2263 tollenda
1105 2211 1135 2263 et
1156 2207 1248 2282 paulo

215 2314 284 2389 post
319 2309 478 2369 inserenda
515 2309 594 2369 sint:
632 2313 742 2384 iterque
777 2326 848 2385 per
884 2308 1177 2366 Mauretaniam
1216 2313 1247 2368 in

217 2415 386 2490 Hispaniam
410 2411 602 2471 intendebant.
642 2412 691 2473 W.
715 2411 833 2489 quidem
857 2415 888 2470 et
909 2412 982 2470 haee
1004 2414 1097 2470 verba
1114 2412 1250 2471 eieienda

217 2521 326 2574 eenset.
360 2515 443 2574 Dicit
458 2515 537 2574 anim
553 2517 644 2575 haee:
667 2517 770 2577 ‘rerba
785 2514 885 2572 addita
900 2521 971 2573 aunt
985 2535 1002 2573 a
1016 2514 1080 2573 ludi
1095 2516 1249 2590 magistro,

217 2618 269 2696 qui
292 2618 383 2675 verba
405 2618 628 2694 suprascripta
650 2620 707 2675 iter
718 2636 771 2694 per
787 2619 1000 2676 Mauretaniam
1014 2618 1120 2698 fucere
1136 2627 1248 2678 temere

216 2720 259 2778 ita
286 2719 457 2798 intellexit,
493 2720 577 2799 quasi
606 2719 652 2779 illi
681 2720 718 2778 ab
748 2719 835 2779 Utine
867 2740 920 2797 per
944 2720 1157 2781 Mauretaniam
1188 2720 1248 2780 iter

217 2822 401 2884 habuissent.
438 2825 615 2898 decedebat,
640 2825 718 2902 qnod
740 2823 869 2899 partium
886 2824 1134 2904 Pompeianarum
1156 2825 1245 2883 danea

217 2929 287 3002 iuga
311 2926 489 3004 Hispaniam
521 2927 664 3004 petivisse
688 2932 738 2999 96,
765 2931 778 2985 l
803 2925 947 3003 seriptum
968 2928 1108 3006 idemque
1131 2929 1167 2987 de
1190 2927 1247 2986 La·

215 3029 304 3089 bieue
327 3029 454 3109 aliisque
476 3029 635 3090 memoriae
659 3029 811 3107 proditum
833 3027 897 3091 eati
934 3032 1015 3090 Haee
1032 3031 1139 3092 ultima
1153 3031 1246 3092 verba

216 3152 276 3193 non
300 3134 387 3192 modo
409 3132 486 3192 nihil
509 3136 645 3209 probant,
668 3133 758 3194 immo
781 3137 884 3194 eontra
899 3134 946 3193 W.
969 3134 1098 3207 iaaiunt;
1122 3137 1247 3210 apparet

217 3234 297 3296 enim
328 3254 365 3295 ax
393 3235 437 3295 eis
459 3234 537 3296 inter
559 3235 808 3313 Pompeianorum
830 3238 919 3297 duces
941 3237 1126 3310 convenisse,
1157 3240 1192 3296 ut
1214 3257 1246 3298 re

217 3337 250 3398 in
273 3337 377 3398 Afriea
408 3339 484 3398 mala
513 3343 597 3414 gesta
626 3339 659 3399 in
682 3339 829 3417 Hispania
859 3341 969 3401 bellum
997 3341 1245 3416 redintegrarent

217 3444 324 3521 Itaque
347 3444 479 3518 perbene
502 3443 628 3522 quadrat
649 3443 681 3502 in
703 3463 751 3504 ras
773 3450 870 3519 gestas
891 3445 1003 3504 Sullam
1026 3464 1143 3525 qunque
1158 3444 1246 3503 Afra-

217 3544 361 3625 niumque
382 3545 415 3604 in
432 3545 607 3622 Hispaniam
630 3546 800 3607 tetendisse.
838 3547 869 3605 Si
892 3555 990 3607 autem
1012 3548 1168 3609 scribimus
1190 3551 1247 3606 iter

215 3667 269 3726 per
283 3649 498 3707 Mauretaniam
520 3654 551 3708 iu
566 3651 737 3728 Hispam‘um
760 3651 906 3708 intendere
929 3649 1054 3728 scriptor
1072 3651 1149 3711 nihil
1163 3651 1247 3711 aliud

218 3750 292 3810 dieit
307 3751 366 3811 nisi
389 3757 501 3811 terra
523 3771 581 3826 aes,
605 3773 664 3812 non
680 3753 762 3825 mari,
778 3752 857 3812 sieut
872 3753 1053 3834 reliquorum
1067 3755 1163 3816 maior
1178 3775 1246 3833 pars

216 3854 367 3931 proiectus
378 3859 432 3928 est,
448 3855 507 3914 iter
519 3856 633 3916 iecisse.
656 3857 817 3916 atalenum
830 3856 957 3918 similem
969 3860 1039 3919 bell.
1055 3860 1112 3919 aiv.
1125 3861 1149 3933 Ι,
1163 3864 1212 3932 39,
1227 3865 1245 3917 3

218 3957 353 4016 audierat
367 3957 499 4037 (Caesar)
514 3958 674 4036 Pompeium
696 3978 751 4037 per
766 3961 982 4021 Mauretaniam
1005 3982 1066 4021 eum
1087 3963 1247 4039 legionibus

219 4058 274 4116 iter·
296 4062 325 4118 iu
341 4063 510 4139 Hispaniam
530 4062 648 4142 facem
670 4064 712 4125 id.
735 4068 786 4138 60,
803 4067 820 4121 5
839 4083 895 4142 per
911 4065 1125 4131 Mauretaniam
1140 4069 1244 4131 uenire.
