2872 4778
515 334 728 400 ..13-

102 513 222 589 uestr'gr'o
251 510 284 570 in
308 513 471 589 archetypo
495 509 632 571 extitisse
655 514 780 571 constat.
824 509 889 569 Iam
915 507 947 568 in
970 530 1017 587 ep.
1042 515 1091 589 81,
1116 519 1133 571 6

105 615 226 674 Asinius
256 615 376 692 scripsit
404 616 514 673 nullum
547 616 696 691 vestigium
727 613 778 672 uls
810 622 836 672 te
859 614 1036 672 discessurus
1057 637 1130 674 sum.

102 718 183 777 Hinc
211 719 340 778 coniecit
366 719 399 778 L.
422 718 609 776 scribendum
639 737 704 778 esse
736 715 772 775 ab
794 736 825 774 se
848 718 963 794 eurique
984 720 1134 795 vesir'gr'um

103 842 160 880 non
197 823 393 892 discessurum
431 841 489 901 qua
525 820 696 879 coniectura
731 819 828 896 imago
866 839 883 879 a
918 839 951 878 re
980 821 1135 881 venatoris

103 926 192 984 ductu
214 925 432 1001 pessumdatur.
478 927 578 1002 Atque
606 922 675 982 vide
702 922 776 981 mihi
799 923 958 998 Landgrafi
980 923 1134 994 rationem,

104 1047 192 1106 quam
224 1026 427 1086 Woelfflinius
458 1045 576 1104 quoque
607 1026 713 1103 (praef.
747 1045 812 1101 pag.
842 1025 939 1084 XXII
969 1032 999 1085 et
1027 1026 1135 1086 XXVI

104 1129 204 1206 initio)
227 1129 382 1206 amplexus
405 1135 465 1188 est:
499 1137 602 1188 contra
624 1128 757 1187 codicum
780 1128 869 1186 fidem
891 1133 987 1187 mutst
1007 1128 1135 1205 scriptu·

104 1252 168 1291 rsm
190 1233 227 1291 sb
251 1233 331 1291 omni
353 1240 438 1308 perta
461 1251 571 1305 sanem,
594 1231 673 1310 quod
696 1249 730 1289 ea
751 1229 900 1306 discrepet
915 1231 951 1289 ab
965 1230 1053 1290 Asini
1070 1252 1137 1293 usu.

105 1334 171 1398 Quo
194 1336 272 1395 lacto
295 1336 367 1393 haec
388 1334 454 1410 ipsa
475 1353 552 1392 nova
576 1332 724 1411 scripture
747 1333 826 1392 inter
848 1340 1021 1407 arguments
1043 1335 1136 1395 refer-

104 1445 155 1497 tur
184 1438 292 1516 quibus
316 1437 483 1498 luculenter
504 1443 647 1512 appareat
669 1442 819 1495 auctorem
842 1437 1048 1496 commeutsrii
1071 1456 1134 1497 asse

105 1539 262 1600 Asinium!

191 1642 317 1702 Restant
339 1642 431 1719 igitur
448 1641 595 1718 exemptis
611 1643 659 1701 his
675 1646 817 1720 quattuor
830 1640 904 1701 locis
919 1641 1136 1717 duodeviginti,

106 1744 158 1824 qui
182 1744 255 1822 quid
282 1745 409 1819 vsleant,
433 1746 491 1805 iam
516 1747 715 1824 quaerendum
740 1752 794 1805 est.
836 1743 943 1804 Statim
965 1748 1064 1804 autem
1087 1765 1138 1822 ap·

105 1855 192 1924 paret
221 1846 351 1926 aliquam
381 1847 527 1925 probandi
557 1850 617 1909 vim
650 1848 681 1906 in
705 1848 748 1909 eis
770 1854 886 1908 tantum
908 1846 1008 1908 inesse
1030 1848 1137 1907 locuti·

107 1949 221 2023 onibus,
245 1970 322 2029 quae
342 1952 437 2011 solum
453 1960 609 2011 occurrent
623 1951 654 2011 iu
670 1953 727 2010 hoc
741 1951 845 2010 libello
861 1955 892 2010 et
907 1951 985 2027 apud
1001 1950 1137 2011 Asinium

25 2093 28 2101 -
106 2072 203 2134 neque
235 2054 271 2113 ab
301 2052 368 2112 aliis
391 2053 456 2114 aius
478 2054 584 2114 aetatis
607 2053 800 2130 scriptoribus
823 2057 1013 2129 usurpentur.
1061 2054 1137 2114 Nam

109 2175 185 2234 quae
208 2177 246 2216 ex
268 2155 386 2232 linguae
410 2157 558 2217 communi
581 2177 636 2217 usu
659 2165 737 2230 sunt,
767 2156 816 2215 vel
837 2155 1037 2216 inveniuntur
1059 2159 1137 2232 apud

109 2257 182 2317 alios
216 2258 392 2336 scriptores,
426 2280 551 2339 quorum
583 2280 679 2320 sermo
711 2279 770 2318 non
803 2257 956 2335 pendetl)
989 2277 1027 2317 ax
1050 2258 1136 2318 Asini

107 2379 217 2434 genere
247 2362 364 2422 dicendi
394 2363 441 2441 (ut
461 2363 566 2424 Livius
596 2368 626 2423 et
648 2361 804 2440 Velleius),
833 2361 881 2419 his
910 2360 1030 2421 omuino
1059 2361 1136 2421 nihil

108 2463 228 2540 probari
252 2483 337 2541 posse
360 2471 449 2541 putet.

161 2600 163 2602 ν
195 2567 260 2626 Hac
282 2587 320 2628 ex
343 2567 457 2628 ratione
479 2568 511 2628 in
536 2569 696 2644 Landgrafi
718 2574 892 2644 argumenta
914 2575 1069 2649 postquam
1091 2567 1137 2626 in-

109 2667 302 2748 quisiverunt
316 2671 515 2731 Schneiderus
537 2672 553 2731 I
569 2680 599 2732 et
613 2671 647 2730 II
670 2682 700 2731 et
716 2672 882 2731 Koetlerus
897 2672 939 2746 ΙΙ,
963 2673 999 2732 ad
1015 2672 1136 2732 eandem

107 2771 141 2830 hi
176 2770 235 2832 viri
265 2772 344 2833 docti
374 2774 492 2834 deducti
524 2780 594 2834 sunt
622 2775 810 2835 sententiam.
861 2776 1027 2836 Praeeuute
1058 2773 1136 2833 enim

107 2873 292 2935 Schneidero
308 2877 473 2936 Koehlsrus
495 2877 607 2951 statuit,
631 2897 696 2936 oum
719 2896 822 2937 omues
837 2877 946 2956 quibus
962 2877 1044 2936 nisus
1059 2881 1137 2936 esset

108 2976 303 3052 Landgrafius
325 2979 507 3041 elocutiones
525 2981 604 3056 apud
619 2981 693 3040 alios
709 2979 841 3039 eiusdem
856 2979 963 3040 astatis
977 2978 1136 3054 scriptores

107 3086 308 3156 occurrerent,
338 3102 435 3161 neque
459 3082 564 3143 Asinio
593 3083 649 3143 soli
680 3087 780 3142 esseut
801 3081 948 3158 propriae,
979 3080 1039 3139 vim
1068 3099 1136 3156 pro·

107 3181 201 3242 bandi
222 3183 255 3242 in
278 3185 320 3244 ais
342 3185 440 3245 inesse
463 3206 583 3263 prorsus
604 3187 726 3246 nullam.

195 3286 331 3347 Inveniri
347 3288 426 3348 enim
441 3293 595 3366 praeterea
606 3309 663 3366 pro
679 3290 811 3347 sonticus
826 3288 905 3366 spusl
920 3285 988 3346 Sall.
1002 3287 1066 3359 Ing.
1079 3290 1135 3358 8‚2

108 3387 191 3465 (vide
220 3387 359 3468 inprimis
387 3392 520 3452 Koehlcr
542 3393 584 3466 11,
616 3413 645 3468 p.
671 3391 754 3468 517).
798 3408 918 3469 quonum
950 3390 1029 3447 niodo
1059 3389 1137 3467 apud

108 3489 219 3550 (tornis.
242 3493 289 3553 ad.
312 3494 386 3555 Her.
401 3495 443 3569 II,
461 3497 499 3555 27
524 3503 555 3555 et
576 3494 673 3555 sexies
695 3494 775 3570 apud
790 3493 970 3553 Ciceronem.
1004 3494 1032 3549 in
1056 3493 1138 3567 agris

108 3601 140 3652 et
163 3595 192 3652 a
216 3583 364 3675 vstrasp.
387 3598 446 3657 cie.
471 3598 557 3658 verr.
580 3600 623 3673 11,
647 3602 686 3656 es
717 3597 781 3673 (cfr.
804 3597 912 3657 assur.
934 3595 977 3668 11,
1002 3599 1071 3667 sis,
1095 3592 1137 3671 4).

108 3706 212 3756 neotus
234 3705 411 3760 oronss'onem
434 3721 482 3778 sp.
502 3701 561 3762 Cic.
583 3703 621 3761 sd
642 3702 713 3764 ism.
736 3700 810 3775 XII,
839 3702 883 3774 17,
901 3706 929 3760 2.
969 3698 1050 3758 Osos.
1069 3696 1137 3756 bell.

181 3933 205 4003 1)
223 3937 252 3986 ln
273 3938 362 3988 horum
383 3954 485 3989 numero
505 3939 636 3990 Sallustius
653 3955 750 4002 quoqne
767 3938 897 3988 habendus
915 3943 959 3997 est,
983 3937 1025 3998 qui
1044 3936 1139 3996 aliquot

111 4023 182 4073 runis
200 4029 260 4074 natu
277 4027 385 4074 maior
402 4026 463 4095 (sici
483 4028 529 4079 cir.
548 4029 588 4078 W.
606 4029 641 4090 ΙΙ,
659 4042 716 4091 pag.
737 4024 797 4100 aas)
815 4026 861 4074 init
878 4023 972 4073 Asinio.
