2932 4784
621 405 837 478 -54..

302 592 351 660 26,
375 591 393 645 3
427 619 461 630 -
487 593 520 643 ut
551 617 586 631 -
616 601 701 663 quom
730 584 879 642 celerrime
899 585 1044 643 exercitus
1065 579 1121 641 silc
1144 589 1240 640 mane-

212 699 404 767 portaretur:
450 687 586 766 Asricum
626 685 835 766 [prooemium]
848 682 877 762 ι)
915 689 1016 764 perire
1048 684 1243 763 funditusque

214 795 305 851 eoerti
318 813 379 860 -‚·
403 790 479 868 quod
498 791 558 848 nur·
577 791 710 848 celeriter
725 791 812 846 sociis
824 787 910 866 soret
924 788 1099 860 subventum,
1121 797 1241 865 praeter

215 899 308 972 ipsam
330 893 466 970 Africam
491 902 597 951 terram
620 892 697 950 uili!
720 924 755 937 -
781 892 921 968 reliquum
936 888 1085 967 suturam.

301 1002 352 1071 29,
375 1003 392 1055 3
424 996 500 1073 quod
528 994 580 1054 uli
607 997 722 1072 caepim
744 990 836 1074 [eius]
849 988 879 1072 2)
901 994 1043 1071 equitatus
1060 991 1163 1072 secere
1183 1011 1241 1051 nou

217 1097 426 1159 intermittebat
447 1129 499 1161 —-.

302 1205 353 1274 31,
379 1200 396 1260 '1
433 1209 490 1259 tum
523 1202 660 1278 egregiae
692 1201 863 1258 muuitiauee
896 1207 1055 1258 castrorum
1088 1193 1242 1278 [atque]⁸)

184 1323 186 1327 ·
216 1304 290 1362 ualli
314 1303 517 1383 fossarumque
546 1302 670 1361 altitudo
699 1311 730 1360 et
754 1310 840 1360 ectrc
871 1301 975 1360 vellum
1002 1301 1068 1360 stili
1090 1303 1173 1360 coeci
1199 1333 1241 1344 -

216 1407 324 1466 adrium
351 1439 386 1452 —
408 1405 610 1483 protelebout.

302 1514 386 1583 41,3
410 1528 546 1587 suamque
567 1511 656 1567 aciem
679 1509 798 1566 matam
821 1527 854 1565 eo
877 1507 1085 1585 oppciioteai15
1111 1505 1241 1565 meeum

215 1613 420 1689 st'reietrumque
433 1629 525 1670 cornu
535 1613 622 1669 —iu
637 1619 792 1686 conspectu
807 1606 954 1690 [patente]
964 1609 994 1688 ⁴)
1010 1610 1242 1668 aduersariorum

216 1716 376 1773 coustituit.

217 1951 346 2012 subiungit
371 1952 596 2014 instrumentalem
624 1952 668 2000 cfr.
696 1954 737 2011 lt,
762 1954 777 1999 3
805 1951 849 2012 qui
869 1952 970 2013 plostris
995 1968 1083 2003 mercer
1102 1954 1243 2015 portoient.

215 2038 274 2085 Fuit
299 2039 403 2086 fortusse
430 2037 555 2099 dele‘pawi
579 2036 683 2086 verbum
708 2052 758 2085 vox
783 2038 930 2098 cestrensis,
957 2054 1006 2099 que
1026 2044 1113 2087 unctor
1129 2054 1189 2087 ueue
1207 2044 1245 2088 eet

217 2129 318 2185 propter
342 2125 534 2172 uiliteretionem
559 2123 702 2185 (delicatos
720 2150 752 2159 -
770 2124 930 2185 deportem),
956 2125 1036 2184 quelis
1061 2125 1160 2186 seepiue
1177 2126 1244 2185 epuli

216 2225 272 2258 eum
298 2209 462 2259 animadverti
480 2214 569 2272 potest.
605 2211 651 2257 cir.
667 2214 795 2270 praeterea
812 2223 868 2270 pug.
887 2213 921 2259 24
938 2211 995 2260 edu.
1015 2213 1029 2258 ὗ
1049 2217 1074 2259 et
1091 2213 1124 2260 ee
1142 2210 1199 2261 edu.
1220 2213 1243 2258 1.

286 2293 311 2361 1)
329 2297 359 2344 ln
378 2296 417 2344 his
435 2297 534 2344 videtur
551 2296 647 2355 aliquid
665 2296 785 2343 acuminis
806 2296 888 2343 lutere.
917 2294 980 2343 (ium
991 2295 1029 2343 ire
1040 2302 1065 2345 et
1077 2295 1246 2357 indignatione

218 2383 310 2431 Ceeser
336 2382 407 2429 videt
429 2383 540 2430 Africum
565 2381 781 2442 provinciam
806 2386 950 2441 pereuntem
976 2381 1044 2442 (nem
1069 2381 1128 2442 quid
1151 2382 1247 2440 relique

216 2468 302 2515 Africa
325 2468 403 2527 fieret,
431 2469 533 2516 salvane
554 2473 620 2515 esset
638 2481 669 2515 en
686 2471 847 2526 everteretur,
873 2473 900 2515 ut
916 2468 1044 2516 &munus
1061 2482 1111 2516 non
1129 2467 1247 2528 curavit),

216 2557 243 2600 ut
269 2554 293 2611 8,
312 2555 327 2600 5
353 2552 480 2611 rupium
497 2577 531 2587 —
548 2553 678 2612 equitmm
696 2551 777 2613 Scipio
794 2553 1028 2614 cupressinum
1048 2553 1140 2611 Africo
1158 2551 1245 2600 alebat.

216 2638 314 2685 Deinde
332 2641 414 2685 eutem
432 2640 464 2685 ed
485 2637 600 2696 irruam
613 2639 767 2699 prooemium
785 2645 900 2699 spectene
917 2639 1000 2699 pergit
1017 2645 1116 2700 praeter
1132 2638 1246 2696 Mrucm

215 2730 306 2770 terrem
317 2751 350 2759 —
362 2723 425 2771 utto
433 2723 551 2784 relicuum
560 2723 680 2785 futurum,
698 2725 735 2772 itu
752 2729 779 2772 ut
793 2724 883 2780 Ascua
894 2724 1027 2786 prouincia
1044 2728 1142 2786 praeter
1155 2728 1246 2772 terrem

218 2809 292 2857 etiem
310 2811 404 2858 incolas
421 2811 528 2858 Romani
545 2811 642 2872 imperii
660 2810 795 2871 participes
809 2810 942 2871 significet.

287 2896 354 2943 Fieri
376 2901 458 2944 eutem
476 2901 567 2957 potest,
591 2902 619 2944 ut
635 2896 835 2957 interpunctione
852 2902 947 2944 mutute
963 2895 1078 2958 Africam
1094 2895 1246 2956 iungendum

218 2982 251 3029 sit
276 2996 332 3029 cum
355 2981 542 3042 trareeportaudi
563 2981 649 3029 verbo.
685 2981 755 3042 Quee
779 2986 902 3029 structure
925 2997 1073 3044 quemquem
1100 2981 1193 3030 recedit
1212 2981 1244 3029 eb
1268 3020 1282 3028 .

218 3067 367 3128 optimorum
392 3067 540 3127 scriptorum
563 3081 610 3115 usu
635 3065 704 3130 (nem
728 3068 794 3126 quod
820 3067 913 3116 codicis
931 3069 953 3115 L
970 3068 1087 3116 librarius
1104 3067 1147 3127 qui
1163 3054 1245 3114 locum

219 3153 332 3201 similiter
349 3152 481 3214 intellexit,
499 3152 511 3198 i
516 3169 533 3201 m
545 3152 661 3211 Africam
679 3150 787 3211 exhibet,
807 3152 899 3201 nulline
911 3158 949 3201 eet
959 3153 1088 3214 momenti)
1107 3152 1246 3201 defenditur

220 3239 296 3296 'lue
320 3251 370 3286 mco
387 3243 518 3298 potueruut
541 3263 575 3274 ·—
599 3237 705 3286 transire
722 3234 855 3298 Africam,
880 3237 924 3285 ubi
948 3239 1016 3287 solue
1032 3239 1056 3287 A
1073 3238 1247 3300 interpolatum

219 3323 323 3385 preebet
340 3323 556 3383 praepositionem.

290 3406 316 3471 2)
334 3407 392 3456 vide
409 3422 466 3468 peg.
486 3409 519 3456 ³0
536 3408 596 3458 edn.
616 3412 639 3460 ³.
1065 3447 1068 3453 -

292 3490 318 3559 8)
335 3493 523 3556 Polyeyndeton
545 3508 608 3554 quee
625 3500 731 3544 vocetur
748 3495 828 3556 figure
844 3495 900 3543 loeo
918 3499 978 3558 epte
994 3500 1019 3544 et
1036 3494 1118 3544 studio
1135 3493 1248 3556 quaesite

221 3595 275 3629 esse
292 3579 398 3628 videtur.
433 3579 477 3628 cfr.
496 3593 571 3643 supra
588 3595 646 3642 peg.
665 3583 697 3630 25
716 3581 772 3630 edu.
793 3584 817 3632 t.

290 3668 318 3727 4)
340 3665 531 3716 concedendum
557 3671 595 3714 est
618 3666 783 3715 elocutionem
810 3671 947 3727 conspectus
967 3673 1056 3728 pateus
1081 3666 1171 3715 iterum
1197 3680 1248 3714 non

221 3752 332 3814 reperiri.
362 3751 411 3799 Sed
429 3765 488 3799 num
506 3752 555 3800 hoc
572 3753 696 3813 gravioris
714 3753 819 3803 elicuius
837 3753 953 3801 momenti
971 3754 1012 3814 eit,
1030 3766 1080 3812 quo
1092 3751 1248 3813 perticipium

222 3837 336 3899 scriptori
357 3836 548 3886 abiudicendum
566 3852 620 3888 esse
637 3837 738 3899 proburi
756 3838 844 3899 possit,
869 3839 930 3887 setis
948 3837 1118 3887 videturesse
1136 3836 1247 3896 dubium,

223 3939 278 3971 cum
297 3922 429 3972 Froehlich
447 3923 471 3970 11
495 3920 561 3989 (peg.
581 3921 692 3986 54—68)
720 3929 746 3972 et
762 3924 900 3972 Koehlerl
926 3924 991 3972 heud
1017 3937 1097 3985 peuce
1114 3922 1249 3983 investigor

224 4009 316 4071 verint,
339 4023 445 4070 quorum
469 4009 539 4058 testie
564 4013 601 4058 eet
625 4009 666 4057 hie
690 4008 759 4057 eolus
784 4009 899 4069 scriptor.
933 4009 1067 4058 mensutio
1085 4012 1175 4068 eutem,
1199 4021 1249 4066 que

224 4095 285 4144 haec
309 4094 454 4154 compositio
472 4094 520 4142 hoc
537 4094 592 4142 loeo
610 4094 669 4142 terri
688 4098 713 4142 et
729 4098 811 4157 potest
828 4099 853 4146 et
870 4094 951 4157 (lebet,
977 4095 1036 4143 iude
1053 4092 1187 4158 repetenda
1204 4097 1249 4156 eet,
