2872 4778
568 358 782 434 ..41-

160 546 208 616 88,
235 545 248 600 1
274 540 409 601 hortatus
683 538 839 602 hortatur*
949 549 951 552 ’

159 650 209 718 89,
233 649 249 702 5
273 642 447 721 Damasippi
469 642 522 723 qui
685 641 938 724 Damasippique*

159 753 207 821 90,
235 752 248 805 l
274 745 337 822 egit
684 745 746 822 agit

158 856 209 924 95,
232 856 251 909 2
274 848 360 909 cnm*
683 868 733 909 eos

159 958 208 1026 96,
232 958 250 1011 2
273 951 305 1011 id
327 957 443 1029 tempus
684 951 721 1011 ad
742 951 773 1012 id
786 954 921 1029 tempus.

159 1056 207 1130 77,
234 1059 248 1114 1
273 1055 305 1128 p,
326 1051 350 1115 i.
685 1075 714 1133 p.
736 1057 771 1116 R.
796 1057 875 1135 quod

158 1164 208 1234 88,
235 1162 248 1217 1
273 1161 349 1235 post
670 1160 839 1237 {postquam

242 1363 329 1423 Hanc
358 1364 490 1424 locorum
520 1362 626 1422 seriem
649 1362 905 1425 considerantibus
929 1366 1029 1426 statim
1052 1372 1185 1444 apparet,

158 1469 231 1527 duos
252 1468 289 1526 ab
311 1466 398 1526 initio
420 1465 513 1526 libros
536 1486 573 1524 ex
596 1466 758 1543 archetypo
779 1468 803 1525 Ο
821 1468 1013 1544 transcriptos
1030 1488 1101 1529 esse.
1139 1471 1186 1526 Ex

158 1570 257 1647 priore
281 1589 369 1651 quem
392 1568 626 1643 significabimus
649 1589 668 1625 α
690 1574 849 1630 manarunt
870 1570 986 1630 codices
1008 1571 1125 1644 ALPV,
1148 1592 1186 1631 ex

158 1675 262 1746 altero,
292 1670 320 1750 β,
346 1672 503 1731 fluxerunt
524 1670 613 1730 UFD.
658 1670 753 1731 Simul
775 1672 872 1732 elucet
894 1677 1032 1734 nentrum
1055 1675 1186 1736 codicem

158 1796 213 1836 nec
235 1796 254 1833 c
277 1795 331 1835 nec
354 1773 374 1851 β
395 1773 548 1850 propriam
570 1772 628 1832 sibi
643 1773 796 1835 vindicare
812 1776 1033 1838 auctoritatem:
1056 1779 1187 1853 genuina

159 1877 316 1957 archetypi
338 1876 485 1953 scriptura
508 1896 547 1935 ex
571 1882 698 1955 utroquo
721 1877 822 1937 codice
845 1900 864 1937 c
879 1878 945 1956 etii
966 1880 1112 1942 elicienda
1131 1886 1185 1942 est.

158 1983 216 2042 Sed
237 2000 298 2041 non
321 1999 437 2056 semper
460 1998 507 2038 res
529 1984 589 2038 tarn
610 1978 739 2039 dilucide
756 1979 991 2062 simpliciterque
1007 1985 1188 2045 conformata

159 2090 212 2158 est,
234 2088 269 2143 ut
291 2102 357 2143 cum
374 2081 479 2142 ALPV
503 2080 691 2141 consentiant
711 2081 788 2142 sicut
802 2083 875 2144 lonis
890 2105 980 2162 supra
994 2086 1092 2145 allatis
1107 2087 1187 2146 ultro

158 2192 300 2265 appareat
328 2184 401 2264 quid
430 2190 584 2245 exaratum
615 2183 708 2243 fuerit
737 2185 768 2243 in
801 2186 903 2247 codice
925 2211 954 2249 c.
997 2190 1092 2249 Immo
1114 2188 1187 2249 locis
1285 2266 1286 2270 Ἰ

159 2292 246 2366 longe
278 2291 415 2370 plurimis
445 2290 556 2351 codicis
585 2314 604 2350 α
633 2292 780 2368 scriptura
812 2291 994 2350 enucleanda
1016 2296 1061 2351 est
1084 2314 1122 2352 ex
1144 2293 1188 2354 eis

160 2415 235 2474 quae
264 2393 297 2453 in
328 2393 480 2455 codicibus
510 2394 594 2455 varie
620 2396 831 2474 propagantur.
875 2392 940 2457 Quo
962 2394 994 2454 in
1017 2394 1188 2457 discrimine

160 2503 222 2558 tum
251 2499 369 2557 demum
399 2497 485 2557 firmo
516 2497 640 2557 nitimur
661 2496 862 2570 fundamento,
893 2497 918 2556 si
941 2497 1087 2574 novimus,
1116 2500 1188 2580 quid

160 2599 286 2676 singulis
301 2599 453 2660 codicibus
467 2606 590 2677 propter
604 2599 790 2659 adfinitatem
805 2599 996 2660 tribuendum
1011 2601 1188 2663 sitauctori·

160 2702 238 2764 tatis.
277 2701 343 2765 Qua
363 2701 396 2761 in
418 2721 450 2762 re
473 2703 668 2762 examinanda
690 2702 772 2777 origo
795 2701 905 2761 codicis
929 2707 954 2761 A
977 2708 1081 2782 utpote
1102 2708 1188 2766 retu·

159 2805 280 2866 stissimi
303 2805 410 2866 summi
432 2804 552 2865 videtur
573 2824 636 2864 esse
656 2804 807 2864 momenti.
841 2808 943 2885 Atque
958 2807 1094 2867 videmus
1109 2808 1188 2868 hunc

160 2909 269 2970 librum
290 2908 408 2986 saepius
431 2928 498 2968 cum
520 2909 614 2968 altera
636 2906 730 2983 stirpe
752 2907 923 2984 conspirare
945 2909 1045 2969 velut:

342 3095 476 3175 surm)
897 3097 977 3160 rev

163 3222 210 3292 12,
234 3221 252 3274 2
276 3211 405 3276 arcessi*
685 3213 823 3274 arcessiri

167 3321 212 3390 14,
240 3322 251 3376 1
278 3316 444 3395 equitatum
686 3316 838 3396 equitatus
868 3317 997 3396 (equites
1022 3321 1046 3376 P
1068 3338 1112 3394 pr.
1137 3317 1188 3394 m.)

163 3424 210 3493 15,
235 3423 250 3479 1
275 3417 389 3497 pilum*
686 3421 784 3496 palam

164 3527 210 3597 18,
237 3527 251 3581 1
276 3520 376 3584 rectal
686 3525 767 3581 recto

163 3630 211 3699 19,
234 3630 252 3682 4
276 3624 522 3704 purissimisque*
687 3623 884 3704 plurimisque

161 3732 211 3801 28,
234 3733 252 3786 2
276 3726 479 3788 discessisset*
687 3725 824 3786 discessit
845 3729 896 3786 sed

162 3834 212 3904 28,
236 3835 254 3888 2
277 3828 456 3891 Messalam*
688 3829 846 3888 Messalam

162 3936 211 4006 85,
236 3937 254 3992 4
278 3952 336 4012 quo
357 3929 409 3993 iu*
688 3930 813 4011 quodid
828 3931 904 4010 (veile
917 3935 965 4005 54,
978 3936 997 3991 4
1010 3947 1028 4013 q
1040 3958 1083 3981 =
1097 3931 1188 4010 quod)

162 4034 212 4111 36,
237 4041 250 4096 1
276 4038 331 4099 snb
354 4034 494 4131 manum*
688 4054 871 4094 summanum
885 4030 1009 4112 (sumam
1021 4054 1141 4099 manum
1152 4037 1189 4114 h)
