2872 4778
530 404 764 471 -111-

133 584 267 639 naturam
298 597 363 639 esse
396 578 508 652 ordine,
540 598 598 658 quo
630 577 693 637 acie
720 578 868 638 instructa
894 597 958 637 sese
981 577 1164 656 exceperint.

134 682 188 741 Oui
210 681 356 760 promisso
378 681 410 741 in
433 681 468 760 ἓξ
487 686 500 740 1
520 686 584 741 eta
606 681 760 742 satisfacit.
795 680 984 758 Quapropter
1002 681 1073 741 hina
1088 682 1165 740 nihil

133 784 277 862 sequitur,
304 804 364 863 quo
386 786 479 844 verba
501 783 554 841 illa
576 783 711 842 eicieada
734 805 798 844 osse
821 784 941 860 probari
961 784 1064 860 possit.
1107 784 1164 843 Sed

135 888 183 946 W.
207 908 241 945 ea
257 907 376 966 quoque
393 886 499 946 nititur
513 887 545 944 ia
562 905 602 957 re,
628 887 705 965 quod
721 887 818 947 simile
835 887 948 966 aliquid
964 889 1001 946 de
1016 886 1164 963 Scipionis

135 991 198 1050 acie
221 1010 280 1049 non
303 995 350 1050 est
372 990 494 1049 dictum.
527 993 571 1048 At
591 989 664 1048 hinc
686 990 716 1048 id
739 991 833 1050 solum
856 989 957 1064 colligi
979 993 1078 1066 potest
1093 989 1165 1049 scri·

134 1099 258 1170 ptorem,
292 1112 359 1152 cum
388 1092 466 1151 nihil
498 1092 571 1152 certi
603 1094 639 1151 de
661 1092 809 1170 Scipionis
840 1093 903 1153 acie
933 1091 1008 1151 scire
1033 1092 1166 1168 potuerit

134 1196 200 1274 (cfr.
223 1198 259 1254 ad
283 1201 333 1269 59,
358 1194 399 1272 2),
423 1195 500 1254 nihil
522 1201 634 1255 temere
659 1196 715 1254 sibi
740 1197 933 1272 excogitasse.

221 1304 271 1373 60,
299 1305 317 1357 2
352 1301 382 1355 in
414 1318 466 1356 auc
500 1307 593 1357 autem
625 1300 729 1357 deutra
761 1319 850 1357 cornu
882 1320 919 1358 ex
949 1297 1072 1357 secunda
1102 1301 1165 1357 ccr'e

136 1411 334 1459 ueteranorum
357 1397 531 1480 [tegularum]
552 1410 665 1477 partem
689 1402 849 1461 cohortium
865 1401 1062 1461 cbllccaaerut
1075 1421 1165 1478 prce-

140 1513 215 1560 terea
238 1524 275 1561 ecc
298 1507 420 1562 turonum
444 1505 591 1562 adiecerat
609 1523 733 1581 paucus.

223 1616 420 1665 ueteranorum
448 1617 561 1684 partem
591 1607 759 1679 cohortium,
789 1612 825 1667 ut
845 1608 894 1667 W.
921 1606 1078 1682 legendum
1102 1626 1166 1666 esse

136 1715 245 1783 censet,
274 1709 341 1768 ideo
364 1711 470 1769 falsum
493 1715 547 1783 est,
575 1711 653 1788 quod
677 1715 833 1790 postquam
856 1730 957 1770 amnes
979 1711 1011 1768 in
1034 1712 1165 1769 Africam

136 1814 323 1871 advenerunt
349 1811 475 1885 milites,
506 1812 623 1871 (lassari
653 1813 839 1887 legiones
871 1814 973 1873 firmae
999 1820 1084 1873 erant
1105 1834 1165 1874 non

137 1915 281 1974 cohortes.
311 1913 398 1977 Quod
417 1915 527 1975 attinet
541 1916 578 1973 ad
594 1915 764 1990 genetivum
781 1936 819 1973 ex
835 1917 974 1991 genetivo
991 1936 1165 1992 suspensum

136 2020 188 2078 cfr.
211 2020 248 2076 ad
272 2023 322 2093 31,
347 2022 375 2078 5.
492 2090 497 2100 ἕ

223 2126 273 2193 60,
296 2127 313 2179 3
350 2123 475 2180 Tertium
508 2130 600 2180 aretem
630 2123 719 2179 aciem
749 2123 778 2179 in
801 2123 948 2179 arhs'strum
971 2141 1053 2179 suum
1075 2140 1166 2179 cornu

136 2224 308 2294 contulerat,
343 2233 372 2283 ct
402 2243 490 2302 usquc
519 2225 560 2283 cd
588 2227 664 2283 acaci
691 2244 760 2282 seruc
787 2226 905 2282 mediam
936 2224 1075 2300 legionem
1095 2243 1166 2300 por·

138 2335 257 2386 recreent
286 2327 329 2408 [ct
360 2331 400 2387 itu
432 2328 650 2400 conlocauerat,
686 2337 718 2385 ut
749 2330 897 2385 straturum
933 2325 1041 2406 [suarm]
1076 2345 1165 2385 cornu

139 2432 249 2506 triplex
272 2429 359 2509 esset]
375 2429 413 2508 ¹).

223 2531 415 2610 Quantopere
446 2533 497 2594 hic
520 2533 647 2613 scriptor
670 2535 757 2593 rebus
779 2532 870 2608 gestis
893 2537 963 2611 apte
985 2537 1015 2594 et
1037 2531 1166 2592 dilucide

137 2636 340 2696 describendis
367 2636 464 2713 imper
486 2636 585 2710 fuerit,
618 2638 726 2696 iterum
750 2641 873 2713 apparet
895 2636 926 2696 in
951 2636 1082 2696 Caesaris
1104 2635 1167 2694 acie

139 2760 198 2818 qua
226 2739 279 2802 via
308 2749 372 2798 crte
402 2738 443 2798 sit
473 2740 670 2816 explananda.
714 2740 789 2798 Nam
819 2739 851 2797 id
883 2741 963 2818 quod
992 2739 1099 2798 summi
1122 2744 1167 2798 est

138 2841 281 2900 momenti
304 2848 402 2920 quot
424 2843 561 2903 cohortes
583 2842 614 2900 in
638 2844 743 2902 dextro
769 2861 859 2900 cornu
882 2842 1051 2901 conlocatae
1074 2861 1167 2919 qua-

139 2964 214 3023 que
242 2944 404 3004 ratione
435 2944 603 3020 legionibus
629 2946 821 3020 depromptae
843 2942 904 3001 sint
926 2943 1032 3001 afferre
1056 2943 1164 3003 omisit.

140 3047 204 3111 Qua
235 3047 429 3123 ambiguitate
461 3048 577 3126 decepti
607 3046 699 3123 Nipp.
728 3052 758 3105 et
779 3045 827 3105 W.
859 3065 923 3103 cum
955 3045 1167 3104 describendae

140 3152 214 3211 aciei
236 3154 394 3212 studerent
414 3171 476 3211 rem
498 3151 573 3211 mihi
596 3171 650 3209 acu
672 3149 807 3224 tetigisse
829 3169 886 3207 non
907 3148 1056 3210 videatur.
1094 3147 1167 3207 Gra·

138 3255 294 3316 vissimum
315 3255 347 3314 id
369 3261 422 3329 est,
446 3256 526 3335 quod
545 3274 579 3315 ea
595 3253 673 3314 acies
689 3273 776 3332 quam
792 3273 830 3310 ex
846 3251 1003 3330 utriusque
1019 3251 1168 3310 sententia

140 3358 247 3418 Caesar
270 3358 465 3418 constituerat
485 3360 518 3416 in
541 3357 669 3416 media
692 3376 809 3437 quoque
825 3356 887 3415 acie
903 3376 940 3414 ex
956 3361 1040 3432 parte
1055 3353 1168 3431 triplex

140 3468 193 3521 est.
237 3464 395 3522 Praeterea
424 3465 523 3522 autem
553 3460 585 3519 in
610 3460 656 3520 W.
685 3460 801 3521 ratione
830 3459 861 3518 id
890 3458 1079 3518 falsissimum
1112 3463 1166 3528 cst,

141 3565 219 3642 quod
248 3566 409 3624 secundum
440 3584 503 3623 eam
532 3562 622 3622 tertia
652 3562 729 3622 acies
759 3581 818 3621 acn
846 3562 878 3621 in
901 3560 1054 3621 sinistrum
1076 3579 1168 3620 corna

140 3669 327 3741 transfertur,
358 3670 409 3726 sed
439 3667 471 3726 in
502 3668 648 3727 secundae
675 3665 788 3724 mediae
810 3665 884 3723 aciei
907 3665 1004 3724 laeam
1028 3662 1168 3737 succedit,

140 3789 231 3830 ecrnu
260 3775 359 3830 autem
390 3770 543 3831 sinistrum
575 3774 677 3829 eontra
706 3768 816 3827 diserta
845 3767 973 3828 auctoris
995 3768 1085 3825 verba
1107 3785 1169 3824 non

140 3877 278 3934 mutatur.
323 3873 355 3933 ai
386 3874 516 3954 denique
545 3875 623 3951 apud
648 3873 694 3933 W.
722 3870 753 3930 in
778 3873 915 3931 dextrum
938 3890 1032 3930 cornu
1053 3872 1168 3930 vetera-

213 4094 238 4161 1)
254 4097 358 4147 Edimus
374 4098 438 4146 hauc
456 4097 471 4158 ξ
489 4095 683 4144 turbatissimum
703 4108 751 4144 sec.
772 4093 847 4156 Nipp.
