2872 4778
608 319 819 397 ..78-

288 511 333 582 lu,
359 511 373 567 1
397 526 452 584 per
473 505 669 583 speculatores
691 514 719 562 et
741 514 937 564 antecessores
959 496 1105 584 [equites].

284 614 401 688 ‘equites
422 609 606 682 inclusimus,
637 608 707 686 quia
729 626 784 668 nac
805 617 969 667 antecessor
989 625 1045 666 nec
1066 606 1229 682 speculator

201 713 343 774 adiectivi
364 730 486 772 munere
508 710 667 786 lungitur':
690 710 738 770 W.

285 817 345 876 sca
366 835 433 874 cum
455 813 554 874 omnia
576 814 648 873 haec
670 812 857 873 substantiva
874 811 1007 872 verbalia
1020 810 1053 870 in
1069 813 1129 871 ·tar
1144 809 1229 886 fungi

199 918 315 995 possint
336 917 551 978 adiectivorum
574 935 705 989 munere,
728 915 851 974 minime
874 914 1059 991 mimirum,
1081 913 1105 972 si
1128 913 1160 971 in
1182 932 1229 972 ra·

201 1022 331 1083 rioribus
352 1018 504 1079 vocabulis
527 1018 553 1077 is
575 1037 646 1077 usus
668 1038 729 1079 uno
751 1018 812 1077 solo
828 1017 965 1093 exemplo
981 1015 1101 1092 probari
1116 1020 1229 1093 potest;

201 1125 286 1185 velut
307 1126 479 1200 corruptrix
497 1123 654 1197 maurusia
674 1120 746 1198 (cio.
769 1120 806 1179 ad
828 1121 910 1180 fratr.
926 1121 952 1192 I,
975 1125 1004 1192 6,
1023 1116 1084 1194 19),
1106 1119 1231 1177 deletrie

200 1229 263 1286 sico
286 1226 336 1304 (de
357 1227 421 1285 har.
444 1243 521 1303 resp.
545 1222 599 1299 49)
624 1222 696 1282 alibi
720 1223 799 1301 qaod
821 1221 911 1282 eciam
933 1219 1133 1296 perlegitur.
1182 1220 1232 1280 Sic

203 1329 293 1389 etiam
324 1330 380 1389 hoc
410 1327 474 1388 loco
496 1325 652 1386 nuntiatur
674 1324 792 1384 Caesari
821 1344 891 1403 per
919 1323 1093 1404 equites,
1123 1322 1234 1402 quint

202 1431 357 1508 regionem
391 1431 582 1507 explorarent
617 1432 845 1488 antecesserant.
900 1428 988 1486 Patet
1016 1433 1115 1488 autem
1144 1446 1233 1487 eausa

204 1554 263 1613 qua
293 1535 435 1594 adductas
467 1530 596 1607 scriptor
616 1532 723 1608 equites
745 1529 909 1589 addiderit:
939 1528 1011 1588 inde
1033 1528 1114 1590 enim
1136 1529 1233 1606 expli·

204 1642 296 1711 catur,
320 1635 467 1715 quomodo
488 1633 555 1693 tisri
577 1632 718 1709 potuerit,
741 1638 775 1692 at
790 1649 967 1711 quamquam
983 1633 1086 1709 copiae
1101 1631 1234 1693 hostium

203 1738 306 1799 haud
336 1739 452 1811 longe
489 1737 572 1796 visae
603 1739 689 1795 erant
719 1747 818 1795 tamen
848 1734 966 1794 Caesari
997 1739 1113 1815 tempus
1142 1734 1236 1798 fuerit

205 1840 356 1919 equitatus
387 1837 573 1899 arcessendi:
606 1838 766 1915 equites
794 1837 935 1897 nuntium
962 1836 1049 1916 equis
1070 1838 1169 1898 citatis
1192 1843 1234 1897 at·

206 1943 346 2003 tulerant.
397 1940 521 2002 Accedit
556 1940 635 2018 quod
664 1940 792 2017 primum
821 1958 928 2015 agmen
957 1940 1174 2016 speculatorum
1205 1945 1236 2000 et

206 2051 424 2106 antecessorum
455 2063 493 2103 ex
523 2043 674 2121 equitibus
705 2042 875 2102 constitisse
903 2061 957 2118 per
985 2062 1017 2102 se
1043 2042 1162 2121 quidem
1185 2062 1236 2102 ne·

208 2148 366 2208 cessarium
397 2166 457 2206 uon
491 2151 571 2219 erat,
606 2164 783 2224 quamquam
815 2146 888 2204 haec
917 2163 1020 2204 norma
1048 2144 1115 2205 fuit.
1160 2146 1237 2226 llam

206 2252 285 2327 apud
302 2250 477 2311 Suetonium
492 2248 594 2311 Vitell.
616 2249 652 2306 17
678 2250 802 2325 ogme‘rsis
817 2256 1011 2306 antecessores
1027 2253 1106 2308 certe
1120 2247 1236 2324 pedites

206 2354 336 2426 fuerunt,
359 2372 418 2412 non
442 2351 566 2430 equites.

295 2460 342 2526 lu,
359 2460 377 2513 2
402 2457 512 2514 Caesar
530 2487 572 2498 -
588 2454 665 2512 rubet
685 2457 841 2532 equitatum
864 2456 1026 2513 uniuersum
1041 2486 1083 2498 -
1098 2461 1128 2512 et
1141 2455 1235 2531 sagit·

207 2559 297 2614 tortos
312 2590 353 2600 -
369 2575 406 2615 es
427 2559 534 2615 castris
554 2560 666 2614 arcessi
685 2567 770 2634 atque
787 2557 940 2616 ordination
958 2553 1072 2638 [stirne]
1087 2576 1119 2615 se
1133 2557 1237 2616 leuiter

207 2662 346 2737 consequi
353 2683 363 2731 ,·
389 2661 448 2736 ipse
470 2661 637 2717 antecedere
658 2678 721 2719 cum
741 2663 847 2736 paucis
871 2663 1002 2718 armatos.

294 2761 340 2822 W.
363 2765 449 2839 siqua
474 2762 595 2836 delevit,
618 2762 699 2840 quod
720 2762 890 2839 explicandi
907 2781 995 2822 cauea
1010 2761 1142 2822 additum
1157 2766 1236 2822 esset

208 2864 379 2943 pronomini
401 2885 440 2925 se.

293 2971 400 3049 Itaque
430 2967 488 3028 sibi
516 2967 642 3045 sumpsit
667 2967 701 3028 in
731 2967 881 3027 sententia
910 2977 995 3044 atque
1016 2967 1172 3026 ordinatim
1192 2998 1236 3012 ·-

207 3074 345 3149 consequi
363 3071 528 3131 subiectum
551 3089 616 3131 esse
636 3074 745 3149 equites
759 3078 788 3127 et
801 3072 968 3146 sagittariis
978 3090 980 3094 ·
991 3075 1022 3130 at
1036 3075 1098 3130 tum
1113 3069 1236 3130 omniuo

208 3193 267 3233 non
300 3174 428 3252 quadrat
459 3174 632 3236 adverbium
662 3176 776 3232 leniter.
822 3174 898 3232 Nam
926 3174 1032 3234 (laesas
1060 3172 1148 3233 initio
1176 3173 1192 3252 ξ
1216 3179 1235 3233 2

208 3275 336 3334 iusserat
365 3295 416 3335 eos
444 3276 640 3336 celeriter
671 3275 790 3338 arcessi.
834 3276 871 3335 Id
902 3278 981 3355 quod
1007 3275 1041 3336 in
1063 3277 1108 3336 rei
1129 3278 1237 3336 natura

209 3384 255 3438 est
281 3377 421 3453 pesitum.
465 3378 581 3438 Deinde
611 3380 765 3439 ordinatim
798 3396 917 3458 quoque
946 3379 979 3439 in
1010 3379 1124 3439 auxilio
1148 3398 1237 3459 qaam

208 3478 362 3540 celerrime
390 3482 564 3541 arcessendo
587 3481 675 3559 plane
696 3481 841 3558 ineptum.
884 3483 977 3542 Nemo
1000 3481 1129 3563 denique
1151 3482 1236 3542 dubi-

208 3583 295 3657 tabit,
318 3582 392 3661 quin
415 3583 532 3661 equites
555 3603 628 3664 quos
644 3585 751 3644 Caesar
772 3604 810 3644 ex
829 3586 934 3645 eastris
949 3586 1141 3647 arcessendos
1154 3589 1239 3644 curat

210 3706 277 3745 eum
301 3685 362 3746 sint
383 3687 580 3748 consecuturi.
625 3689 671 3746 Ab
698 3688 909 3748 alternantem
932 3693 1018 3765 parte
1039 3687 1237 3748 necessarium

210 3794 275 3848 erat
296 3788 452 3849 Gaesarem
484 3791 604 3864 iubere,
636 3791 708 3870 quid
739 3792 871 3850 facerent
899 3791 1049 3865 cohortes,
1081 3791 1151 3850 dam
1172 3790 1239 3870 ipse

210 3893 410 3966 antecederet,
437 3895 680 3969 procederentne,
702 3913 739 3952 an
763 3893 967 3968 consisterent,
991 3913 1029 3954 an
1051 3896 1239 3956 recederent:

211 4012 271 4076 qua
300 3994 336 4053 de
366 4014 399 4054 re
430 3996 455 4054 si
478 3996 525 4056 W.
558 3997 709 4078 sequimur
739 3996 816 4057 nihil
837 3995 1007 4077 accipimus.
1050 3996 1240 4078 Scriptor
