<?xml version="1.0" encoding="UTF-8"?>
<!DOCTYPE html PUBLIC "-//W3C//DTD XHTML 1.0 Transitional//EN"
    "http://www.w3.org/TR/xhtml1/DTD/xhtml1-transitional.dtd">
<html xmlns="http://www.w3.org/1999/xhtml" xml:lang="en" lang="en">
 <head>
  <title>
</title>
<meta http-equiv="Content-Type" content="text/html;charset=utf-8" />
  <meta name='ocr-system' content='tesseract 3.04.00' />
  <meta name='ocr-capabilities' content='ocr_page ocr_carea ocr_par ocr_line ocrx_word'/>
</head>
<body>
  <div class='ocr_page' id='page_1' title='image "./incommentariumd00moelgoog_0117.png"; bbox 0 0 2932 4784; ppageno 0'>
   <div class='ocr_carea' id='block_1_1' title="bbox 610 493 845 562">
    <p class='ocr_par' dir='ltr' id='par_1_1' title="bbox 610 493 845 562">
     <span class='ocr_line' id='line_1_1' title="bbox 610 493 845 562; baseline 0 -1"><span class='ocrx_word' id='word_1_1' title='bbox 610 493 845 562; x_wconf 81' lang='lat'>-112-</span> 
     </span>
    </p>
   </div>
   <div class='ocr_carea' id='block_1_2' title="bbox 214 668 1251 2394">
    <p class='ocr_par' dir='ltr' id='par_1_2' title="bbox 214 668 1251 2394">
     <span class='ocr_line' id='line_1_2' title="bbox 214 668 1246 748; baseline -0.002 -18"><span class='ocrx_word' id='word_1_2' title='bbox 214 689 319 731; x_wconf 90' lang='lat' dir='ltr'>norum</span> <span class='ocrx_word' id='word_1_3' title='bbox 334 669 524 748; x_wconf 90' lang='lat' dir='ltr'>tironumque</span> <span class='ocrx_word' id='word_1_4' title='bbox 548 688 666 728; x_wconf 89' lang='lat' dir='ltr'>senae</span> <span class='ocrx_word' id='word_1_5' title='bbox 688 670 826 730; x_wconf 85' lang='lat' dir='ltr'>cohortes</span> <span class='ocrx_word' id='word_1_6' title='bbox 841 670 1069 742; x_wconf 84' lang='lat' dir='ltr'>transferuntur,</span> <span class='ocrx_word' id='word_1_7' title='bbox 1091 668 1246 745; x_wconf 87' lang='lat' dir='ltr'>scriptoris</span> 
     </span>
     <span class='ocr_line' id='line_1_3' title="bbox 215 772 1245 850; baseline -0.003 -15"><span class='ocrx_word' id='word_1_8' title='bbox 215 777 308 836; x_wconf 83' lang='lat' dir='ltr'>rerba</span> <span class='ocrx_word' id='word_1_9' title='bbox 339 795 376 833; x_wconf 77' lang='lat' dir='ltr'>ea·</span> <span class='ocrx_word' id='word_1_10' title='bbox 406 776 529 832; x_wconf 80' lang='lat' dir='ltr'>tr&#39;ronum</span> <span class='ocrx_word' id='word_1_11' title='bbox 561 774 708 832; x_wconf 79' lang='lat' dir='ltr'>adiecerat</span> <span class='ocrx_word' id='word_1_12' title='bbox 734 792 886 850; x_wconf 74' lang='lat' dir='ltr'>pascens</span> <span class='ocrx_word' id='word_1_13' title='bbox 916 785 1019 848; x_wconf 88' lang='lat' dir='ltr'>parum</span> <span class='ocrx_word' id='word_1_14' title='bbox 1053 772 1245 833; x_wconf 74' lang='lat' dir='ltr'>examinavit.</span> 
     </span>
     <span class='ocr_line' id='line_1_4' title="bbox 215 874 1246 956; baseline -0.003 -20"><span class='ocrx_word' id='word_1_15' title='bbox 215 878 323 956; x_wconf 87' lang='lat' dir='ltr'>Itaque</span> <span class='ocrx_word' id='word_1_16' title='bbox 353 875 454 937; x_wconf 88' lang='lat' dir='ltr'>omnia</span> <span class='ocrx_word' id='word_1_17' title='bbox 484 877 556 935; x_wconf 87' lang='lat' dir='ltr'>hacc</span> <span class='ocrx_word' id='word_1_18' title='bbox 586 876 659 951; x_wconf 89' lang='lat' dir='ltr'>ipsis</span> <span class='ocrx_word' id='word_1_19' title='bbox 684 875 839 952; x_wconf 90' lang='lat' dir='ltr'>scriptoris</span> <span class='ocrx_word' id='word_1_20' title='bbox 861 874 962 935; x_wconf 87' lang='lat' dir='ltr'>verbis</span> <span class='ocrx_word' id='word_1_21' title='bbox 985 874 1163 935; x_wconf 78' lang='lat' dir='ltr'><strong>refutantur.</strong></span> <span class='ocrx_word' id='word_1_22' title='bbox 1208 878 1246 934; x_wconf 85' lang='lat' dir='ltr'>Et</span> 
     </span>
     <span class='ocr_line' id='line_1_5' title="bbox 216 977 1247 1060; baseline -0.002 -21"><span class='ocrx_word' id='word_1_23' title='bbox 216 986 343 1060; x_wconf 90' lang='lat' dir='ltr'>uterque</span> <span class='ocrx_word' id='word_1_24' title='bbox 365 979 412 1041; x_wconf 89' lang='lat' dir='ltr'>vir</span> <span class='ocrx_word' id='word_1_25' title='bbox 434 980 537 1037; x_wconf 89' lang='lat' dir='ltr'>doctus</span> <span class='ocrx_word' id='word_1_26' title='bbox 559 997 657 1038; x_wconf 89' lang='lat' dir='ltr'>errare</span> <span class='ocrx_word' id='word_1_27' title='bbox 681 978 803 1039; x_wconf 81' lang='lat' dir='ltr'>debuit:</span> <span class='ocrx_word' id='word_1_28' title='bbox 826 978 952 1038; x_wconf 88' lang='lat' dir='ltr'>nimium</span> <span class='ocrx_word' id='word_1_29' title='bbox 974 977 1054 1036; x_wconf 87' lang='lat' dir='ltr'>enim</span> <span class='ocrx_word' id='word_1_30' title='bbox 1077 977 1247 1037; x_wconf 90' lang='lat' dir='ltr'>tribuerunt</span> 
     </span>
     <span class='ocr_line' id='line_1_6' title="bbox 216 1079 1248 1158; baseline -0.002 -17"><span class='ocrx_word' id='word_1_31' title='bbox 216 1082 391 1158; x_wconf 72' lang='lat' dir='ltr'>diligentiae</span> <span class='ocrx_word' id='word_1_32' title='bbox 422 1081 509 1140; x_wconf 87' lang='lat' dir='ltr'>huius</span> <span class='ocrx_word' id='word_1_33' title='bbox 540 1080 702 1158; x_wconf 89' lang='lat' dir='ltr'>scriptoris,</span> <span class='ocrx_word' id='word_1_34' title='bbox 732 1081 815 1141; x_wconf 91' lang='lat' dir='ltr'>ouius</span> <span class='ocrx_word' id='word_1_35' title='bbox 845 1101 883 1141; x_wconf 89' lang='lat' dir='ltr'>ex</span> <span class='ocrx_word' id='word_1_36' title='bbox 915 1079 1036 1141; x_wconf 90' lang='lat' dir='ltr'>silentio</span> <span class='ocrx_word' id='word_1_37' title='bbox 1060 1081 1248 1156; x_wconf 85' lang='lat' dir='ltr'>collegerunt</span> 
     </span>
     <span class='ocr_line' id='line_1_7' title="bbox 217 1183 1246 1263; baseline -0.001 -20"><span class='ocrx_word' id='word_1_38' title='bbox 217 1185 349 1261; x_wconf 78' lang='lat' dir='ltr'>legiones</span> <span class='ocrx_word' id='word_1_39' title='bbox 364 1184 497 1244; x_wconf 78' lang='lat' dir='ltr'>Caesaris</span> <span class='ocrx_word' id='word_1_40' title='bbox 520 1183 663 1263; x_wconf 90' lang='lat' dir='ltr'>plenas</span> <span class='ocrx_word' id='word_1_41' title='bbox 684 1184 787 1246; x_wconf 88' lang='lat' dir='ltr'>fnisse.</span> <span class='ocrx_word' id='word_1_42' title='bbox 824 1184 955 1245; x_wconf 86' lang='lat' dir='ltr'>Deerant</span> <span class='ocrx_word' id='word_1_43' title='bbox 978 1188 1075 1243; x_wconf 89' lang='lat' dir='ltr'>autem</span> <span class='ocrx_word' id='word_1_44' title='bbox 1099 1183 1150 1242; x_wconf 93' lang='lat' dir='ltr'>uni</span> <span class='ocrx_word' id='word_1_45' title='bbox 1168 1189 1246 1244; x_wconf 87' lang='lat' dir='ltr'>certe</span> 
     </span>
     <span class='ocr_line' id='line_1_8' title="bbox 216 1287 1245 1363; baseline -0.002 -17"><span class='ocrx_word' id='word_1_46' title='bbox 216 1287 330 1363; x_wconf 81' lang='lat' dir='ltr'>legioni</span> <span class='ocrx_word' id='word_1_47' title='bbox 364 1288 499 1346; x_wconf 78' lang='lat' dir='ltr'>cohortes</span> <span class='ocrx_word' id='word_1_48' title='bbox 536 1287 704 1347; x_wconf 80' lang='lat' dir='ltr'>nonnullae.</span> <span class='ocrx_word' id='word_1_49' title='bbox 759 1288 833 1346; x_wconf 88' lang='lat' dir='ltr'>Nam</span> <span class='ocrx_word' id='word_1_50' title='bbox 871 1287 1020 1362; x_wconf 85' lang='lat' dir='ltr'>legionum</span> <span class='ocrx_word' id='word_1_51' title='bbox 1053 1287 1085 1344; x_wconf 93' lang='lat' dir='ltr'>in</span> <span class='ocrx_word' id='word_1_52' title='bbox 1115 1287 1245 1345; x_wconf 83' lang='lat' dir='ltr'>Africam</span> 
     </span>
     <span class='ocr_line' id='line_1_9' title="bbox 219 1388 1249 1470; baseline 0 -21"><span class='ocrx_word' id='word_1_53' title='bbox 219 1394 485 1466; x_wconf 88' lang='lat' dir='ltr'>transportatarum</span> <span class='ocrx_word' id='word_1_54' title='bbox 508 1392 608 1449; x_wconf 89' lang='lat' dir='ltr'>decem</span> <span class='ocrx_word' id='word_1_55' title='bbox 631 1391 698 1470; x_wconf 84' lang='lat' dir='ltr'>(cir.</span> <span class='ocrx_word' id='word_1_56' title='bbox 718 1394 745 1462; x_wconf 90' lang='lat'>1,</span> <span class='ocrx_word' id='word_1_57' title='bbox 761 1395 796 1464; x_wconf 80' lang='lat'>53</span> <span class='ocrx_word' id='word_1_58' title='bbox 821 1394 869 1462; x_wconf 85' lang='lat'>34,</span> <span class='ocrx_word' id='word_1_59' title='bbox 886 1393 922 1462; x_wconf 80' lang='lat'>4;</span> <span class='ocrx_word' id='word_1_60' title='bbox 948 1388 1000 1466; x_wconf 82' lang='lat'>53)</span> <span class='ocrx_word' id='word_1_61' title='bbox 1023 1389 1053 1447; x_wconf 91' lang='lat' dir='ltr'>in</span> <span class='ocrx_word' id='word_1_62' title='bbox 1078 1390 1141 1448; x_wconf 90' lang='lat' dir='ltr'>acie</span> <span class='ocrx_word' id='word_1_63' title='bbox 1164 1395 1249 1449; x_wconf 90' lang='lat' dir='ltr'>erant</span> 
     </span>
     <span class='ocr_line' id='line_1_10' title="bbox 218 1491 1247 1568; baseline -0.002 -14"><span class='ocrx_word' id='word_1_64' title='bbox 218 1491 397 1554; x_wconf 84' lang='lat' dir='ltr'>constitutae</span> <span class='ocrx_word' id='word_1_65' title='bbox 417 1512 534 1554; x_wconf 86' lang='lat' dir='ltr'>novem.</span> <span class='ocrx_word' id='word_1_66' title='bbox 572 1492 664 1554; x_wconf 80' lang='lat' dir='ltr'>Deest</span> <span class='ocrx_word' id='word_1_67' title='bbox 685 1493 778 1568; x_wconf 83' lang='lat' dir='ltr'>igitur</span> <span class='ocrx_word' id='word_1_68' title='bbox 799 1513 858 1553; x_wconf 88' lang='lat' dir='ltr'>uua</span> <span class='ocrx_word' id='word_1_69' title='bbox 880 1491 957 1567; x_wconf 80' lang='lat' dir='ltr'>legio</span> <span class='ocrx_word' id='word_1_70' title='bbox 980 1492 1072 1566; x_wconf 89' lang='lat' dir='ltr'>firma,</span> <span class='ocrx_word' id='word_1_71' title='bbox 1096 1491 1181 1550; x_wconf 86' lang='lat' dir='ltr'>onius</span> <span class='ocrx_word' id='word_1_72' title='bbox 1201 1513 1247 1552; x_wconf 89' lang='lat' dir='ltr'>co·</span> 
     </span>
     <span class='ocr_line' id='line_1_11' title="bbox 218 1595 1248 1675; baseline -0.001 -21"><span class='ocrx_word' id='word_1_73' title='bbox 218 1598 319 1657; x_wconf 87' lang='lat' dir='ltr'>hortea</span> <span class='ocrx_word' id='word_1_74' title='bbox 342 1615 395 1657; x_wconf 87' lang='lat' dir='ltr'>sex</span> <span class='ocrx_word' id='word_1_75' title='bbox 417 1596 484 1675; x_wconf 85' lang='lat' dir='ltr'>(cfr.</span> <span class='ocrx_word' id='word_1_76' title='bbox 509 1601 537 1668; x_wconf 89' lang='grc'>9,</span> <span class='ocrx_word' id='word_1_77' title='bbox 564 1601 598 1667; x_wconf 88' lang='grc'>1;</span> <span class='ocrx_word' id='word_1_78' title='bbox 626 1601 675 1669; x_wconf 83' lang='lat'>29,</span> <span class='ocrx_word' id='word_1_79' title='bbox 701 1595 732 1673; x_wconf 83' lang='lat'>2)</span> <span class='ocrx_word' id='word_1_80' title='bbox 755 1595 881 1671; x_wconf 86' lang='lat' dir='ltr'>Leptim,</span> <span class='ocrx_word' id='word_1_81' title='bbox 913 1595 1046 1674; x_wconf 88' lang='lat' dir='ltr'>reliquas</span> <span class='ocrx_word' id='word_1_82' title='bbox 1069 1595 1248 1673; x_wconf 90' lang='lat' dir='ltr'>quattuor¹)</span> 
     </span>
     <span class='ocr_line' id='line_1_12' title="bbox 219 1697 1247 1777; baseline -0.002 -19"><span class='ocrx_word' id='word_1_83' title='bbox 219 1700 383 1777; x_wconf 78' lang='lat' dir='ltr'>Ruspinam</span> <span class='ocrx_word' id='word_1_84' title='bbox 407 1698 655 1775; x_wconf 61' lang='lat' dir='ltr'>defenderuntl).</span> <span class='ocrx_word' id='word_1_85' title='bbox 700 1700 920 1758; x_wconf 87' lang='lat' dir='ltr'>Praeterea</span> <span class='ocrx_word' id='word_1_86' title='bbox 942 1702 1039 1756; x_wconf 88' lang='lat' dir='ltr'>autem</span> <span class='ocrx_word' id='word_1_87' title='bbox 1064 1699 1143 1775; x_wconf 88' lang='lat' dir='ltr'>quod</span> <span class='ocrx_word' id='word_1_88' title='bbox 1158 1697 1247 1773; x_wconf 84' lang='lat' dir='ltr'>Nipp.</span> 
     </span>
     <span class='ocr_line' id='line_1_13' title="bbox 220 1801 1249 1879; baseline -0.004 -17"><span class='ocrx_word' id='word_1_89' title='bbox 220 1808 251 1862; x_wconf 90' lang='lat' dir='ltr'>et</span> <span class='ocrx_word' id='word_1_90' title='bbox 279 1803 325 1862; x_wconf 93' lang='lat' dir='ltr'>W.</span> <span class='ocrx_word' id='word_1_91' title='bbox 348 1801 467 1861; x_wconf 88' lang='lat' dir='ltr'>incaute</span> <span class='ocrx_word' id='word_1_92' title='bbox 492 1802 692 1876; x_wconf 82' lang='lat' dir='ltr'>neglexerunt</span> <span class='ocrx_word' id='word_1_93' title='bbox 717 1801 877 1861; x_wconf 88' lang='lat' dir='ltr'>nonnullae</span> <span class='ocrx_word' id='word_1_94' title='bbox 903 1802 1039 1861; x_wconf 88' lang='lat' dir='ltr'>cohortes</span> <span class='ocrx_word' id='word_1_95' title='bbox 1068 1801 1249 1879; x_wconf 80' lang='lat' dir='ltr'>Acyllam</span> 
     </span>
     <span class='ocr_line' id='line_1_14' title="bbox 219 1902 1250 1982; baseline -0.002 -20"><span class='ocrx_word' id='word_1_96' title='bbox 219 1905 327 1964; x_wconf 88' lang='lat' dir='ltr'>missae</span> <span class='ocrx_word' id='word_1_97' title='bbox 358 1909 429 1963; x_wconf 88' lang='lat' dir='ltr'>sunt</span> <span class='ocrx_word' id='word_1_98' title='bbox 459 1902 526 1981; x_wconf 86' lang='lat' dir='ltr'>(cfr.</span> <span class='ocrx_word' id='word_1_99' title='bbox 555 1910 594 1963; x_wconf 77' lang='lat'>33</span> <span class='ocrx_word' id='word_1_100' title='bbox 625 1908 656 1963; x_wconf 87' lang='lat' dir='ltr'>et</span> <span class='ocrx_word' id='word_1_101' title='bbox 686 1905 735 1978; x_wconf 87' lang='lat'>67,</span> <span class='ocrx_word' id='word_1_102' title='bbox 769 1909 782 1963; x_wconf 92' lang='lat'>1</span> <span class='ocrx_word' id='word_1_103' title='bbox 820 1906 966 1981; x_wconf 74' lang='lat' dir='ltr'>praesideo</span> <span class='ocrx_word' id='word_1_104' title='bbox 999 1906 1082 1982; x_wconf 79' lang='lat' dir='ltr'>Lepti</span> <span class='ocrx_word' id='word_1_105' title='bbox 1105 1906 1250 1980; x_wconf 79' lang='lat' dir='ltr'>Ruspinae</span> 
     </span>
     <span class='ocr_line' id='line_1_15' title="bbox 219 2005 1250 2084; baseline 0 -20"><span class='ocrx_word' id='word_1_106' title='bbox 219 2008 346 2084; x_wconf 76' lang='lat' dir='ltr'>Acyllae</span> <span class='ocrx_word' id='word_1_107' title='bbox 375 2007 506 2084; x_wconf 64' lang='lat' dir='ltr'>renuo),</span> <span class='ocrx_word' id='word_1_108' title='bbox 542 2014 575 2066; x_wconf 91' lang='lat' dir='ltr'>nt</span> <span class='ocrx_word' id='word_1_109' title='bbox 606 2026 694 2066; x_wconf 88' lang='lat' dir='ltr'>unam</span> <span class='ocrx_word' id='word_1_110' title='bbox 727 2025 765 2066; x_wconf 87' lang='lat' dir='ltr'>ex</span> <span class='ocrx_word' id='word_1_111' title='bbox 797 2007 858 2066; x_wconf 90' lang='lat' dir='ltr'>illis</span> <span class='ocrx_word' id='word_1_112' title='bbox 887 2012 953 2066; x_wconf 90' lang='lat' dir='ltr'>octo</span> <span class='ocrx_word' id='word_1_113' title='bbox 981 2005 1151 2081; x_wconf 81' lang='lat' dir='ltr'>legionibus</span> <span class='ocrx_word' id='word_1_114' title='bbox 1175 2027 1250 2084; x_wconf 88' lang='lat' dir='ltr'>quae</span> 
     </span>
     <span class='ocr_line' id='line_1_16' title="bbox 222 2109 1251 2188; baseline 0 -21"><span class='ocrx_word' id='word_1_115' title='bbox 222 2109 387 2168; x_wconf 86' lang='lat' dir='ltr'>afferuntur</span> <span class='ocrx_word' id='word_1_116' title='bbox 411 2113 460 2181; x_wconf 90' lang='grc'>60,</span> <span class='ocrx_word' id='word_1_117' title='bbox 487 2114 498 2167; x_wconf 93' lang='lat' dir='ltr'>l</span> <span class='ocrx_word' id='word_1_118' title='bbox 525 2109 644 2186; x_wconf 86' lang='lat' dir='ltr'>plenam</span> <span class='ocrx_word' id='word_1_119' title='bbox 668 2129 727 2169; x_wconf 91' lang='lat' dir='ltr'>uon</span> <span class='ocrx_word' id='word_1_120' title='bbox 750 2110 843 2169; x_wconf 83' lang='lat' dir='ltr'>inisse</span> <span class='ocrx_word' id='word_1_121' title='bbox 865 2114 987 2169; x_wconf 88' lang='lat' dir='ltr'>constet.</span> <span class='ocrx_word' id='word_1_122' title='bbox 1032 2109 1086 2168; x_wconf 82' lang='lat' dir='ltr'>Oui</span> <span class='ocrx_word' id='word_1_123' title='bbox 1109 2116 1182 2188; x_wconf 91' lang='lat' dir='ltr'>quot</span> <span class='ocrx_word' id='word_1_124' title='bbox 1204 2129 1251 2168; x_wconf 89' lang='lat' dir='ltr'>co·</span> 
     </span>
     <span class='ocr_line' id='line_1_17' title="bbox 220 2211 1251 2289; baseline -0.004 -16"><span class='ocrx_word' id='word_1_125' title='bbox 220 2215 321 2273; x_wconf 86' lang='lat' dir='ltr'>hortas</span> <span class='ocrx_word' id='word_1_126' title='bbox 344 2212 494 2272; x_wconf 82' lang='lat' dir='ltr'>defuerint</span> <span class='ocrx_word' id='word_1_127' title='bbox 516 2232 581 2273; x_wconf 91' lang='lat' dir='ltr'>oum</span> <span class='ocrx_word' id='word_1_128' title='bbox 604 2212 730 2289; x_wconf 81' lang='lat' dir='ltr'>scriptor</span> <span class='ocrx_word' id='word_1_129' title='bbox 744 2213 876 2272; x_wconf 89' lang='lat' dir='ltr'>indicare</span> <span class='ocrx_word' id='word_1_130' title='bbox 892 2211 1102 2288; x_wconf 87' lang='lat' dir='ltr'>supersederit,</span> <span class='ocrx_word' id='word_1_131' title='bbox 1125 2231 1251 2289; x_wconf 90' lang='lat' dir='ltr'>cumque</span> 
     </span>
     <span class='ocr_line' id='line_1_18' title="bbox 221 2314 1251 2394; baseline -0.004 -18"><span class='ocrx_word' id='word_1_132' title='bbox 221 2317 299 2377; x_wconf 87' lang='lat' dir='ltr'>aliae</span> <span class='ocrx_word' id='word_1_133' title='bbox 322 2315 514 2375; x_wconf 84' lang='lat' dir='ltr'>difficultates</span> <span class='ocrx_word' id='word_1_134' title='bbox 536 2315 625 2375; x_wconf 88' lang='lat' dir='ltr'>initio</span> <span class='ocrx_word' id='word_1_135' title='bbox 649 2321 769 2376; x_wconf 88' lang='lat' dir='ltr'>notatae</span> <span class='ocrx_word' id='word_1_136' title='bbox 784 2317 933 2388; x_wconf 83' lang='lat' dir='ltr'>accedant,</span> <span class='ocrx_word' id='word_1_137' title='bbox 956 2315 1053 2394; x_wconf 89' lang='lat' dir='ltr'>qualis</span> <span class='ocrx_word' id='word_1_138' title='bbox 1068 2315 1161 2375; x_wconf 88' lang='lat' dir='ltr'>fuerit</span> <span class='ocrx_word' id='word_1_139' title='bbox 1176 2314 1251 2373; x_wconf 88' lang='lat' dir='ltr'>aciei</span> 
     </span>
    </p>
   </div>
   <div class='ocr_carea' id='block_1_3' title="bbox 217 2418 1253 3093">
    <p class='ocr_par' dir='ltr' id='par_1_3' title="bbox 220 2418 1252 2598">
     <span class='ocr_line' id='line_1_19' title="bbox 220 2418 1252 2497; baseline -0.002 -20"><span class='ocrx_word' id='word_1_140' title='bbox 220 2418 344 2495; x_wconf 87' lang='lat' dir='ltr'>species,</span> <span class='ocrx_word' id='word_1_141' title='bbox 374 2419 542 2494; x_wconf 81' lang='lat' dir='ltr'>significare</span> <span class='ocrx_word' id='word_1_142' title='bbox 573 2438 648 2477; x_wconf 91' lang='lat' dir='ltr'>non</span> <span class='ocrx_word' id='word_1_143' title='bbox 677 2439 842 2495; x_wconf 90' lang='lat' dir='ltr'>possumus.</span> <span class='ocrx_word' id='word_1_144' title='bbox 886 2419 994 2497; x_wconf 88' lang='lat' dir='ltr'>Itaque</span> <span class='ocrx_word' id='word_1_145' title='bbox 1017 2418 1065 2478; x_wconf 89' lang='lat' dir='ltr'>W.</span> <span class='ocrx_word' id='word_1_146' title='bbox 1095 2419 1128 2477; x_wconf 91' lang='lat' dir='ltr'>in</span> <span class='ocrx_word' id='word_1_147' title='bbox 1151 2418 1252 2477; x_wconf 88' lang='lat' dir='ltr'>verbis</span> 
     </span>
     <span class='ocr_line' id='line_1_20' title="bbox 221 2521 1053 2598; baseline 0.004 -19"><span class='ocrx_word' id='word_1_148' title='bbox 221 2521 355 2581; x_wconf 85' lang='lat' dir='ltr'>delendis</span> <span class='ocrx_word' id='word_1_149' title='bbox 378 2521 460 2582; x_wconf 93' lang='lat' dir='ltr'>nullo</span> <span class='ocrx_word' id='word_1_150' title='bbox 483 2522 604 2582; x_wconf 90' lang='lat' dir='ltr'>omuino</span> <span class='ocrx_word' id='word_1_151' title='bbox 627 2521 685 2582; x_wconf 93' lang='lat' dir='ltr'>niti</span> <span class='ocrx_word' id='word_1_152' title='bbox 706 2522 898 2581; x_wconf 82' lang='lat' dir='ltr'>fundamento</span> <span class='ocrx_word' id='word_1_153' title='bbox 921 2528 1053 2598; x_wconf 89' lang='lat' dir='ltr'>apparet.</span> 
     </span>
    </p>

    <p class='ocr_par' dir='ltr' id='par_1_4' title="bbox 309 2622 1110 2704">
     <span class='ocr_line' id='line_1_21' title="bbox 309 2622 1110 2704; baseline -0.001 -22"><span class='ocrx_word' id='word_1_154' title='bbox 309 2630 359 2693; x_wconf 87' lang='grc'>60,</span> <span class='ocrx_word' id='word_1_155' title='bbox 383 2631 400 2681; x_wconf 87' lang='grc'><strong>4</strong></span> <span class='ocrx_word' id='word_1_156' title='bbox 421 2626 567 2700; x_wconf 68' lang='lat' dir='ltr'>praeseus&gt;</span> <span class='ocrx_word' id='word_1_157' title='bbox 590 2659 631 2669; x_wconf 94' lang='lat'>-</span> <span class='ocrx_word' id='word_1_158' title='bbox 654 2626 793 2702; x_wconf 73' lang='lat' dir='ltr'>legionem</span> <span class='ocrx_word' id='word_1_159' title='bbox 818 2627 848 2683; x_wconf 87' lang='lat' dir='ltr'>V.</span> <span class='ocrx_word' id='word_1_160' title='bbox 871 2622 1110 2704; x_wconf 82' lang='lat' dir='ltr'>[prne]mr&#39;ser·n!.</span> 
     </span>
    </p>

    <p class='ocr_par' dir='ltr' id='par_1_5' title="bbox 217 2726 1253 3093">
     <span class='ocr_line' id='line_1_22' title="bbox 308 2726 1253 2803; baseline -0.003 -17"><span class='ocrx_word' id='word_1_161' title='bbox 308 2727 356 2786; x_wconf 88' lang='lat' dir='ltr'>W.</span> <span class='ocrx_word' id='word_1_162' title='bbox 388 2726 577 2785; x_wconf 86' lang='lat' dir='ltr'>scribendum</span> <span class='ocrx_word' id='word_1_163' title='bbox 609 2732 710 2787; x_wconf 89' lang='lat' dir='ltr'>censet</span> <span class='ocrx_word' id='word_1_164' title='bbox 732 2730 858 2786; x_wconf 74' lang='lat' dir='ltr'>ruissent.</span> <span class='ocrx_word' id='word_1_165' title='bbox 903 2730 977 2787; x_wconf 87' lang='lat' dir='ltr'>Nam</span> <span class='ocrx_word' id='word_1_166' title='bbox 1001 2726 1253 2803; x_wconf 84' lang='lat' dir='ltr'>praepositionem</span> 
     </span>
     <span class='ocr_line' id='line_1_23' title="bbox 222 2828 1252 2910; baseline 0.003 -24"><span class='ocrx_word' id='word_1_167' title='bbox 222 2846 377 2904; x_wconf 89' lang='lat' dir='ltr'>perperam</span> <span class='ocrx_word' id='word_1_168' title='bbox 408 2828 566 2904; x_wconf 90' lang='lat' dir='ltr'>repetitam</span> <span class='ocrx_word' id='word_1_169' title='bbox 597 2849 670 2891; x_wconf 88' lang='lat' dir='ltr'>esse.</span> <span class='ocrx_word' id='word_1_170' title='bbox 715 2828 815 2893; x_wconf 77' lang='lat' dir='ltr'>Quid?</span> <span class='ocrx_word' id='word_1_171' title='bbox 847 2831 928 2910; x_wconf 91' lang='lat' dir='ltr'>quod</span> <span class='ocrx_word' id='word_1_172' title='bbox 950 2831 1076 2907; x_wconf 88' lang='lat' dir='ltr'>scriptor</span> <span class='ocrx_word' id='word_1_173' title='bbox 1097 2831 1163 2905; x_wconf 90' lang='lat' dir='ltr'>ipse</span> <span class='ocrx_word' id='word_1_174' title='bbox 1187 2850 1252 2889; x_wconf 89' lang='lat' dir='ltr'>eam</span> 
     </span>
     <span class='ocr_line' id='line_1_24' title="bbox 217 2932 1251 3011; baseline 0.001 -23"><span class='ocrx_word' id='word_1_175' title='bbox 217 2950 371 3008; x_wconf 81' lang='lat' dir='ltr'>perperam</span> <span class='ocrx_word' id='word_1_176' title='bbox 401 2932 547 3009; x_wconf 86' lang='lat' dir='ltr'>repetivit</span> <span class='ocrx_word' id='word_1_177' title='bbox 578 2938 605 3006; x_wconf 86' lang='grc'>6,</span> <span class='ocrx_word' id='word_1_178' title='bbox 630 2939 647 2992; x_wconf 81' lang='lat'>2</span> <span class='ocrx_word' id='word_1_179' title='bbox 677 2937 820 3011; x_wconf 79' lang='lat' dir='ltr'>equitatus</span> <span class='ocrx_word' id='word_1_180' title='bbox 849 2934 999 2993; x_wconf 80' lang='lat' dir='ltr'>subsidio</span> <span class='ocrx_word' id='word_1_181' title='bbox 1022 2936 1063 2992; x_wconf 83' lang='lat' dir='ltr'>eis</span> <span class='ocrx_word' id='word_1_182' title='bbox 1094 2967 1133 2977; x_wconf 97' lang='lat'>—</span> <span class='ocrx_word' id='word_1_183' title='bbox 1165 2952 1251 2990; x_wconf 83' lang='lat' dir='ltr'>snc-</span> 
     </span>
     <span class='ocr_line' id='line_1_25' title="bbox 223 3037 328 3093; baseline 0.01 -1"><span class='ocrx_word' id='word_1_184' title='bbox 223 3037 328 3093; x_wconf 71' lang='lat' dir='ltr'>curret.</span> 
     </span>
    </p>
   </div>
   <div class='ocr_carea' id='block_1_4' title="bbox 224 3139 1254 3732">
    <p class='ocr_par' dir='ltr' id='par_1_6' title="bbox 310 3139 1162 3220">
     <span class='ocr_line' id='line_1_26' title="bbox 310 3139 1162 3220; baseline -0.002 -22"><span class='ocrx_word' id='word_1_185' title='bbox 310 3143 360 3211; x_wconf 79' lang='grc'>62,</span> <span class='ocrx_word' id='word_1_186' title='bbox 386 3144 399 3198; x_wconf 94' lang='lat' dir='ltr'>l</span> <span class='ocrx_word' id='word_1_187' title='bbox 426 3141 637 3218; x_wconf 79' lang='lat' dir='ltr'>rirsrilr&#39;andr&#39;que</span> <span class='ocrx_word' id='word_1_188' title='bbox 656 3141 758 3216; x_wconf 81' lang='lat' dir='ltr'>gralia</span> <span class='ocrx_word' id='word_1_189' title='bbox 781 3139 833 3220; x_wconf 83' lang='lat' dir='ltr'>[ab</span> <span class='ocrx_word' id='word_1_190' title='bbox 859 3139 955 3219; x_wconf 80' lang='lat' dir='ltr'>Utica]</span> <span class='ocrx_word' id='word_1_191' title='bbox 977 3158 1162 3218; x_wconf 82' lang='lat' dir='ltr'>progressus.</span> 
     </span>
    </p>

    <p class='ocr_par' dir='ltr' id='par_1_7' title="bbox 224 3239 1254 3732">
     <span class='ocr_line' id='line_1_27' title="bbox 309 3239 1254 3320; baseline 0 -20"><span class='ocrx_word' id='word_1_192' title='bbox 309 3239 408 3301; x_wconf 87' lang='lat' dir='ltr'>Verba</span> <span class='ocrx_word' id='word_1_193' title='bbox 439 3243 474 3301; x_wconf 84' lang='lat' dir='ltr'>nb</span> <span class='ocrx_word' id='word_1_194' title='bbox 502 3245 583 3302; x_wconf 80' lang='lat' dir='ltr'>Utica</span> <span class='ocrx_word' id='word_1_195' title='bbox 613 3242 724 3320; x_wconf 89' lang='lat' dir='ltr'>scripta</span> <span class='ocrx_word' id='word_1_196' title='bbox 753 3243 846 3303; x_wconf 84' lang='lat' dir='ltr'>fuisse</span> <span class='ocrx_word' id='word_1_197' title='bbox 876 3243 908 3302; x_wconf 92' lang='lat' dir='ltr'>in</span> <span class='ocrx_word' id='word_1_198' title='bbox 938 3265 957 3301; x_wconf 84' lang='grc' dir='ltr'><strong>α</strong></span> <span class='ocrx_word' id='word_1_199' title='bbox 987 3263 1145 3303; x_wconf 90' lang='lat' dir='ltr'>consensus</span> <span class='ocrx_word' id='word_1_200' title='bbox 1166 3244 1254 3301; x_wconf 89' lang='lat' dir='ltr'>docet</span> 
     </span>
     <span class='ocr_line' id='line_1_28' title="bbox 224 3343 1252 3425; baseline 0.002 -24"><span class='ocrx_word' id='word_1_201' title='bbox 224 3343 356 3403; x_wconf 89' lang='lat' dir='ltr'>codicum</span> <span class='ocrx_word' id='word_1_202' title='bbox 373 3345 454 3406; x_wconf 77' lang='lat' dir='ltr'>ALV</span> <span class='ocrx_word' id='word_1_203' title='bbox 471 3345 564 3424; x_wconf 83' lang='lat' dir='ltr'>(aial).</span> <span class='ocrx_word' id='word_1_204' title='bbox 599 3347 735 3406; x_wconf 85' lang='lat' dir='ltr'>Fuerunt</span> <span class='ocrx_word' id='word_1_205' title='bbox 755 3345 843 3406; x_wconf 90' lang='lat' dir='ltr'>etiam</span> <span class='ocrx_word' id='word_1_206' title='bbox 866 3346 899 3406; x_wconf 92' lang='lat' dir='ltr'>in</span> <span class='ocrx_word' id='word_1_207' title='bbox 922 3344 949 3423; x_wconf 89' lang='grc' dir='ltr'>β,</span> <span class='ocrx_word' id='word_1_208' title='bbox 974 3350 1115 3425; x_wconf 90' lang='lat' dir='ltr'>quantum</span> <span class='ocrx_word' id='word_1_209' title='bbox 1132 3345 1252 3424; x_wconf 90' lang='lat' dir='ltr'>quidem</span> 
     </span>
     <span class='ocr_line' id='line_1_29' title="bbox 225 3446 1251 3527; baseline 0.004 -24"><span class='ocrx_word' id='word_1_210' title='bbox 225 3446 361 3505; x_wconf 88' lang='lat' dir='ltr'>concludi</span> <span class='ocrx_word' id='word_1_211' title='bbox 384 3452 482 3523; x_wconf 90' lang='lat' dir='ltr'>potest</span> <span class='ocrx_word' id='word_1_212' title='bbox 504 3470 542 3509; x_wconf 85' lang='lat' dir='ltr'>ox</span> <span class='ocrx_word' id='word_1_213' title='bbox 558 3448 710 3509; x_wconf 86' lang='lat' dir='ltr'>Duebneri</span> <span class='ocrx_word' id='word_1_214' title='bbox 733 3449 924 3511; x_wconf 78' lang='lat' dir='ltr'>adnotatione</span> <span class='ocrx_word' id='word_1_215' title='bbox 939 3449 988 3527; x_wconf 81' lang='lat' dir='ltr'>(ot</span> <span class='ocrx_word' id='word_1_216' title='bbox 1007 3452 1090 3509; x_wconf 79' lang='lat' dir='ltr'>Utica</span> <span class='ocrx_word' id='word_1_217' title='bbox 1106 3468 1161 3507; x_wconf 93' lang='lat' dir='ltr'>om.</span> <span class='ocrx_word' id='word_1_218' title='bbox 1178 3447 1251 3524; x_wconf 79' lang='lat' dir='ltr'>PL).</span> 
     </span>
     <span class='ocr_line' id='line_1_30' title="bbox 224 3547 1252 3631; baseline 0.002 -26"><span class='ocrx_word' id='word_1_219' title='bbox 224 3547 309 3607; x_wconf 90' lang='lat' dir='ltr'>Unde</span> <span class='ocrx_word' id='word_1_220' title='bbox 340 3548 434 3624; x_wconf 84' lang='lat' dir='ltr'>igitur</span> <span class='ocrx_word' id='word_1_221' title='bbox 457 3551 503 3612; x_wconf 93' lang='lat' dir='ltr'>W.</span> <span class='ocrx_word' id='word_1_222' title='bbox 535 3552 696 3629; x_wconf 89' lang='lat' dir='ltr'>sumpserit</span> <span class='ocrx_word' id='word_1_223' title='bbox 726 3554 805 3631; x_wconf 94' lang='lat' dir='ltr'>quod</span> <span class='ocrx_word' id='word_1_224' title='bbox 835 3553 958 3613; x_wconf 89' lang='lat' dir='ltr'>adnotat</span> <span class='ocrx_word' id='word_1_225' title='bbox 986 3551 1037 3628; x_wconf 86' lang='lat' dir='ltr'>(nb</span> <span class='ocrx_word' id='word_1_226' title='bbox 1067 3553 1148 3610; x_wconf 79' lang='lat' dir='ltr'>tlte&#39;cn</span> <span class='ocrx_word' id='word_1_227' title='bbox 1182 3551 1252 3622; x_wconf 88' lang='lat' dir='ltr'>AL;</span> 
     </span>
     <span class='ocr_line' id='line_1_31' title="bbox 225 3652 1253 3732; baseline 0.003 -24"><span class='ocrx_word' id='word_1_228' title='bbox 225 3671 281 3711; x_wconf 91' lang='lat' dir='ltr'>om.</span> <span class='ocrx_word' id='word_1_229' title='bbox 304 3654 343 3729; x_wconf 80' lang='lat' dir='ltr'>R)</span> <span class='ocrx_word' id='word_1_230' title='bbox 375 3653 483 3714; x_wconf 89' lang='lat' dir='ltr'>nescio.</span> <span class='ocrx_word' id='word_1_231' title='bbox 528 3655 645 3714; x_wconf 88' lang='lat' dir='ltr'>Iniuria</span> <span class='ocrx_word' id='word_1_232' title='bbox 674 3675 744 3716; x_wconf 90' lang='lat' dir='ltr'>vero</span> <span class='ocrx_word' id='word_1_233' title='bbox 773 3658 846 3716; x_wconf 86' lang='lat' dir='ltr'>haec</span> <span class='ocrx_word' id='word_1_234' title='bbox 875 3657 975 3727; x_wconf 88' lang='lat' dir='ltr'>verba,</span> <span class='ocrx_word' id='word_1_235' title='bbox 1006 3673 1082 3732; x_wconf 86' lang='lat' dir='ltr'>quae</span> <span class='ocrx_word' id='word_1_236' title='bbox 1106 3652 1170 3713; x_wconf 88' lang='lat' dir='ltr'>sine</span> <span class='ocrx_word' id='word_1_237' title='bbox 1193 3655 1253 3711; x_wconf 92' lang='lat' dir='ltr'>ullo</span> 
     </span>
    </p>
   </div>
   <div class='ocr_carea' id='block_1_5' title="bbox 224 3841 1254 4246">
    <p class='ocr_par' dir='ltr' id='par_1_8' title="bbox 225 3841 1254 3990">
     <span class='ocr_line' id='line_1_32' title="bbox 296 3841 1254 3906; baseline -0.002 -18"><span class='ocrx_word' id='word_1_238' title='bbox 296 3841 322 3904; x_wconf 78' lang='lat'>1)</span> <span class='ocrx_word' id='word_1_239' title='bbox 340 3843 413 3890; x_wconf 83' lang='lat' dir='ltr'>Certo</span> <span class='ocrx_word' id='word_1_240' title='bbox 438 3847 535 3891; x_wconf 89' lang='lat' dir='ltr'>constat</span> <span class='ocrx_word' id='word_1_241' title='bbox 559 3845 584 3890; x_wconf 89' lang='lat' dir='ltr'>in</span> <span class='ocrx_word' id='word_1_242' title='bbox 610 3844 658 3891; x_wconf 91' lang='lat' dir='ltr'>hoc</span> <span class='ocrx_word' id='word_1_243' title='bbox 678 3844 769 3906; x_wconf 89' lang='lat' dir='ltr'>oppido</span> <span class='ocrx_word' id='word_1_244' title='bbox 788 3858 839 3891; x_wconf 91' lang='lat' dir='ltr'>non</span> <span class='ocrx_word' id='word_1_245' title='bbox 856 3844 965 3890; x_wconf 90' lang='lat' dir='ltr'>minus</span> <span class='ocrx_word' id='word_1_246' title='bbox 983 3842 1121 3890; x_wconf 85' lang='lat' dir='ltr'>cohortium</span> <span class='ocrx_word' id='word_1_247' title='bbox 1138 3841 1254 3903; x_wconf 78' lang='lat' dir='ltr'>(sortasse</span> 
     </span>
     <span class='ocr_line' id='line_1_33' title="bbox 225 3926 1252 3990; baseline 0 -16"><span class='ocrx_word' id='word_1_248' title='bbox 225 3926 298 3974; x_wconf 86' lang='lat' dir='ltr'>etiam</span> <span class='ocrx_word' id='word_1_249' title='bbox 321 3927 403 3990; x_wconf 78' lang='lat' dir='ltr'>plus!)</span> <span class='ocrx_word' id='word_1_250' title='bbox 427 3929 511 3989; x_wconf 79' lang='lat' dir='ltr'>fuisse,</span> <span class='ocrx_word' id='word_1_251' title='bbox 538 3944 593 3976; x_wconf 89' lang='lat' dir='ltr'>cum</span> <span class='ocrx_word' id='word_1_252' title='bbox 612 3933 652 3988; x_wconf 86' lang='lat'>10,</span> <span class='ocrx_word' id='word_1_253' title='bbox 675 3934 687 3978; x_wconf 93' lang='lat'>1</span> <span class='ocrx_word' id='word_1_254' title='bbox 708 3930 783 3990; x_wconf 88' lang='lat' dir='ltr'>plana</span> <span class='ocrx_word' id='word_1_255' title='bbox 801 3930 865 3989; x_wconf 79' lang='lat' dir='ltr'>logio</span> <span class='ocrx_word' id='word_1_256' title='bbox 884 3929 920 3976; x_wconf 88' lang='lat' dir='ltr'>ibi</span> <span class='ocrx_word' id='word_1_257' title='bbox 938 3929 1022 3976; x_wconf 88' lang='lat' dir='ltr'>relicta</span> <span class='ocrx_word' id='word_1_258' title='bbox 1040 3933 1105 3976; x_wconf 86' lang='lat' dir='ltr'>esset</span> <span class='ocrx_word' id='word_1_259' title='bbox 1121 3926 1252 3987; x_wconf 85' lang='lat' dir='ltr'>praesidio.</span> 
     </span>
    </p>

    <p class='ocr_par' dir='ltr' id='par_1_9' title="bbox 224 4011 1254 4246">
     <span class='ocr_line' id='line_1_34' title="bbox 295 4011 1254 4075; baseline -0.001 -15"><span class='ocrx_word' id='word_1_260' title='bbox 295 4011 321 4074; x_wconf 80' lang='lat'>2)</span> <span class='ocrx_word' id='word_1_261' title='bbox 339 4015 411 4061; x_wconf 88' lang='lat' dir='ltr'>Unde</span> <span class='ocrx_word' id='word_1_262' title='bbox 430 4017 509 4062; x_wconf 87' lang='lat' dir='ltr'>elucet</span> <span class='ocrx_word' id='word_1_263' title='bbox 527 4031 590 4075; x_wconf 88' lang='lat' dir='ltr'>quaa</span> <span class='ocrx_word' id='word_1_264' title='bbox 608 4017 724 4075; x_wconf 80' lang='lat' dir='ltr'>leguntur</span> <span class='ocrx_word' id='word_1_265' title='bbox 742 4018 783 4074; x_wconf 83' lang='lat'>41,</span> <span class='ocrx_word' id='word_1_266' title='bbox 801 4017 814 4063; x_wconf 91' lang='lat'>1</span> <span class='ocrx_word' id='word_1_267' title='bbox 834 4029 864 4062; x_wconf 77' lang='lat' dir='ltr'>es</span> <span class='ocrx_word' id='word_1_268' title='bbox 882 4014 989 4062; x_wconf 75' lang='lat' dir='ltr'>omnibns</span> <span class='ocrx_word' id='word_1_269' title='bbox 1002 4012 1197 4075; x_wconf 78' lang='lat' dir='ltr'>praesidiis</span> <span class='ocrx_word' id='word_1_270' title='bbox 1215 4027 1254 4059; x_wconf 82' lang='lat' dir='ltr'>co·</span> 
     </span>
     <span class='ocr_line' id='line_1_35' title="bbox 224 4098 1254 4162; baseline 0.001 -18"><span class='ocrx_word' id='word_1_271' title='bbox 224 4098 302 4147; x_wconf 75' lang='lat' dir='ltr'>home</span> <span class='ocrx_word' id='word_1_272' title='bbox 320 4099 419 4148; x_wconf 63' lang='lat' dir='ltr'>aaran</span> <span class='ocrx_word' id='word_1_273' title='bbox 436 4103 516 4148; x_wconf 88' lang='lat' dir='ltr'>solum</span> <span class='ocrx_word' id='word_1_274' title='bbox 535 4106 648 4162; x_wconf 84' lang='lat' dir='ltr'>spectare</span> <span class='ocrx_word' id='word_1_275' title='bbox 667 4101 699 4149; x_wconf 89' lang='lat' dir='ltr'>ad</span> <span class='ocrx_word' id='word_1_276' title='bbox 717 4106 913 4150; x_wconf 81' lang='lat' dir='ltr'>castrorum</span> <span class='ocrx_word' id='word_1_277' title='bbox 931 4115 981 4148; x_wconf 89' lang='lat' dir='ltr'>non</span> <span class='ocrx_word' id='word_1_278' title='bbox 998 4101 1030 4147; x_wconf 84' lang='lat' dir='ltr'>ad</span> <span class='ocrx_word' id='word_1_279' title='bbox 1052 4099 1254 4160; x_wconf 88' lang='lat' dir='ltr'>oppidorum</span> 
     </span>
     <span class='ocr_line' id='line_1_36' title="bbox 224 4182 474 4246; baseline 0.016 -16"><span class='ocrx_word' id='word_1_280' title='bbox 224 4182 324 4233; x_wconf 89' lang='lat' dir='ltr'>illorum</span> <span class='ocrx_word' id='word_1_281' title='bbox 341 4187 474 4246; x_wconf 87' lang='lat' dir='ltr'>praesidia.</span> 
     </span>
    </p>
   </div>
   <div class='ocr_carea' id='block_1_6' title="bbox 0 0 1482 4784">
    <p class='ocr_par' dir='ltr' id='par_1_10' title="bbox 0 0 1482 4784">
     <span class='ocr_line' id='line_1_37' title="bbox 0 0 1482 4784; baseline 0 0"><span class='ocrx_word' id='word_1_282' title='bbox 0 0 1482 4784; x_wconf 95' lang='lat' dir='ltr'> </span> 
     </span>
    </p>
   </div>
  </div>
 </body>
</html>
