2872 4778
597 299 832 366 -103-

201 473 252 531 sed
279 473 390 550 referre
420 472 638 544 arbitrabatur,
672 475 832 532 eustermodi
860 476 981 533 ur'etoria
1011 483 1085 533 esset
1112 473 1229 553 futuru.

206 577 298 653 Turpe
328 578 401 634 euim
430 575 491 635 sibi
518 577 701 635 eur'stiruubut
732 609 774 621 -
804 576 841 635 ub
870 578 991 655 reliquis
1013 580 1107 655 copiis
1129 578 1231 637 aduer-

201 681 347 737 seriorum
376 698 492 737 suorum
515 713 557 724 --
579 698 610 736 se
635 689 781 739 eruentem
803 682 935 758 adeptum
958 683 1127 741 eerstimurr'
1145 684 1233 740 or'eto·

201 785 288 841 rium.
327 783 366 841 In
388 780 435 841 his
460 782 506 843 W.
530 782 652 843 seclusit
673 785 766 846 verba
788 802 956 862 quemquem
979 819 1020 828 -
1044 787 1230 863 tironumque.

203 888 247 944 At
268 885 396 962 scriptor
418 906 484 945 cum
506 885 572 962 ipse
595 884 716 959 sentiat,
737 886 763 945 si
787 885 853 966 quis
875 889 952 947 hanc
974 887 1108 948 tirocinii
1130 888 1231 966 pauci-

203 988 331 1067 tatisque
358 1008 476 1048 censam
499 1008 587 1069 quem
610 988 675 1067 ipse
697 993 785 1049 antea
807 995 993 1051 concesserat
1014 990 1064 1051 hic
1086 992 1232 1064 obvertat,

202 1091 367 1152 severitate
390 1111 457 1149 eum
480 1110 540 1150 non
563 1093 708 1166 aberrare,
738 1090 849 1152 diserte
872 1113 936 1152 eam
959 1095 1124 1169 negandam
1147 1098 1234 1170 putat

202 1194 302 1255 verbis
331 1195 420 1256 aW.
450 1193 565 1254 deletis.
611 1192 694 1257 Quae
725 1194 805 1254 dicta
834 1199 905 1255 sunt
931 1195 964 1254 in
986 1195 1168 1272 parenthesi,
1199 1196 1231 1255 in

203 1319 260 1377 qua
288 1316 454 1376 quamquem
484 1298 583 1357 locum
614 1297 672 1357 sibi
702 1297 837 1360 vindicet
863 1298 1037 1373 solemnem,
1067 1299 1150 1360 velut
1172 1299 1232 1361 Cio.

202 1400 282 1460 Phil.
304 1403 329 1475 1,
353 1402 391 1460 27
416 1402 509 1460 irasci
527 1401 638 1479 quidem
662 1419 710 1458 uos
732 1401 805 1459 mibi
822 1434 865 1446 —
885 1419 940 1478 pro
962 1400 1109 1478 republica
1125 1404 1235 1461 dr'eerrti

201 1524 257 1562 nou
279 1503 486 1581 oportebit-
508 1522 739 1582 quemquem
765 1513 791 1561 te
813 1503 845 1562 id
855 1503 1009 1583 sucturum
1031 1525 1087 1564 nou
1103 1504 1233 1564 urbitrer

203 1641 244 1651 —
267 1608 335 1665 sed
353 1627 415 1666 eum
438 1607 608 1667 iracundum
630 1609 716 1665 audio
739 1626 799 1665 esse
813 1606 942 1686 suetum.

289 1716 339 1784 33,
364 1717 377 1770 1
413 1712 508 1788 legati
535 1743 576 1754 —
605 1713 724 1770 ueru'urrt
751 1729 834 1788 saque
859 1707 1014 1791 [puratos]
1045 1729 1233 1789 quaecumque

202 1816 369 1891 imperasset
398 1812 456 1895 [et]
487 1814 589 1873 lebenti
615 1815 710 1872 errr'rue
736 1813 870 1892 secturus
889 1814 1077 1891 pollicentur.
1124 1823 1232 1873 tautum

202 1937 289 1976 orare
318 1927 347 1975 et
370 1927 470 1995 petere
500 1916 536 1975 ab
566 1938 598 1976 eo
630 1919 675 1976 uti
693 1916 753 1976 sibi
772 1919 949 1994 praesidium
972 1918 1055 1976 duret
1083 1950 1123 1961 —
1152 1937 1183 1975 se
1205 1928 1233 1976 et

199 2019 374 2098 frumentum
406 2030 434 2079 et
456 2039 647 2099 quercumque
670 2019 746 2102 [res]
768 2023 810 2078 eis
830 2029 1012 2098 suppeterent
1034 2055 1076 2064 —
1096 2019 1232 2079 submini-

201 2133 356 2184 struturos.

288 2227 336 2287 W.
358 2227 487 2288 resecuit
504 2236 627 2304 puratos
642 2231 731 2306 atque
746 2235 783 2286 at.
814 2226 900 2286 Hanc
915 2228 1013 2286 eutem
1029 2208 1230 2287 coniecturum

202 2328 228 2388 si
250 2329 465 2409 amplectimur,
488 2350 542 2390 cur
564 2329 691 2406 scriptor
713 2332 804 2390 verba
825 2348 856 2386 se
873 2337 903 2386 et
913 2328 1094 2408 frumentum
1110 2363 1151 2373 -
1165 2331 1231 2389 sub-

203 2436 428 2508 ruiuistruturos,
452 2453 527 2513 quae
549 2436 586 2493 ab
609 2433 688 2493 omui
711 2436 795 2508 parte
814 2433 968 2507 languent,
991 2431 1147 2506 addiderit,
1170 2453 1230 2493 non

202 2534 408 2613 perspicimus.
454 2535 587 2600 Quorum
609 2535 755 2596 rationem
777 2537 883 2596 saltem
905 2535 1100 2615 assequimur,
1124 2535 1150 2596 si
1172 2542 1230 2596 stu·

202 2639 313 2698 tuimus
342 2645 557 2701 structurarum
587 2639 752 2719 synchysin
781 2640 890 2701 factam
921 2658 985 2700 esse
1011 2659 1049 2699 ex
1077 2659 1108 2698 se
1131 2638 1233 2699 liberti

201 2753 306 2821 uuu‘mu,
341 2762 532 2823 quaecumque
556 2747 736 2820 r'reperesset,
766 2743 900 2820 facturos
926 2748 957 2802 et
977 2762 1008 2800 se
1026 2752 1148 2821 paretes
1170 2764 1231 2802 esse

202 2870 392 2931 quaecumque
427 2850 595 2925 imperasset
630 2844 859 2904 subministrare.
918 2845 1027 2922 Itaque
1062 2844 1230 2921 imperandi

202 2958 325 3017 verbum
349 2950 462 3028 duplici
485 2947 701 3024 significatione
716 2951 891 3025 usurpatum
906 2951 961 3020 est,
984 2948 1229 3026 quemadmodum

203 3065 233 3119 et
262 3079 328 3118 cum
356 3052 525 3116 accusativo
552 3051 661 3112 obiecti
683 3050 818 3130 (obsides,
849 3051 1011 3126 pecuniam,
1045 3048 1155 3108 similia
1176 3053 1228 3108 im-

198 3161 316 3238 perare)
349 3165 380 3220 ct
409 3179 474 3218 cum
505 3155 659 3216 enuntiato
690 3153 774 3214 finali
798 3156 963 3234 (imperare,
990 3152 1034 3230 ut)
1063 3151 1227 3213 invenitur.

202 3263 267 3328 Quo
285 3262 428 3343 synchysi
442 3263 520 3321 facto
534 3265 727 3338 posteaquam
743 3257 947 3334 praedicatum
962 3256 1229 3315 subruiur'rtruturos

201 3371 319 3427 coactus
341 3369 442 3426 estut
464 3363 623 3434 omitteret,
645 3359 767 3438 proprio
789 3359 820 3419 id
843 3359 997 3420 enuntiato
1012 3361 1228 3420 adnectendum

202 3488 265 3529 esse
295 3468 353 3529 sibi
382 3466 540 3545 persuasit.
584 3465 650 3524 Hac
671 3463 721 3525 via
742 3466 837 3526 rerba
856 3462 910 3523 illa
931 3463 1026 3524 otiosa
1055 3482 1086 3522 se
1108 3472 1136 3521 et
1154 3463 1227 3543 sru-

202 3583 321 3633 mertum
345 3606 387 3617 —
410 3570 677 3630 submiur'struturos
698 3572 769 3627 nato
790 3572 869 3627 sunt.

287 3676 346 3736 Cur
377 3674 506 3754 deniqne
537 3693 584 3732 res
614 3671 774 3732 delendum
800 3676 921 3731 oenseet
941 3671 999 3745 W,
1022 3690 1082 3730 non
1105 3673 1227 3746 exputo.

202 3781 254 3841 cfr.
279 3779 358 3839 euim
375 3778 425 3853 74,
442 3784 456 3838 l
474 3798 504 3836 se
526 3796 589 3836 res
609 3775 769 3853 complures
784 3807 826 3818 -
841 3774 1125 3845 subuu‘rustruturos3
1147 3771 1227 3832 idem

202 3888 251 3958 se,
274 3888 310 3958 43
335 3882 385 3955 47,
409 3887 437 3954 3,
461 3887 495 3955 c;
520 3884 570 3954 91,
596 3883 610 3937 1
635 3897 697 3959 oqs.
