2872 4778
618 344 831 410 „87-

207 534 331 593 neugma
352 537 413 577 non
434 518 606 581 invenitur:
635 523 686 594 85,
709 524 727 578 2
752 519 861 578 Cirtam
883 553 925 565 -
947 535 988 576 oa
995 519 1057 596 pit
1084 526 1122 576 et
1147 536 1235 594 prae-

209 631 286 680 terea
308 622 364 679 duo
387 623 494 700 oppila
518 622 714 680 Gaetulorum.
758 621 930 682 Numerulie
952 627 1050 681 eutem
1069 621 1170 699 plures
1193 654 1234 665 -

207 724 366 801 complures
396 728 465 803 epte
494 729 638 802 usurpate
666 729 745 786 sunt.
790 725 895 784 Plures
927 724 1005 783 enim
1034 724 1177 800 perfugae
1200 723 1233 782 in

207 833 304 888 oestro
331 828 445 907 noeepti
475 833 559 901 sunt,
593 847 681 908 quem
711 828 823 888 milites
852 827 1020 906 intereepti.
1064 825 1113 887 W.
1140 826 1234 901 igitur

206 930 271 990 sine
284 929 393 992 idonea
407 949 496 992 euusu
509 931 683 1010 temptavit:
695 930 854 1009 perfugere
869 932 1031 1008 complures
1044 961 1086 974 -
1101 929 1237 988 nonnulli

206 1037 324 1111 equites.

292 1136 521 1215 Oudendorpius
550 1136 679 1216 denique
709 1136 824 1199 delevit
854 1136 988 1194 lostinm.
1041 1135 1113 1195 Sine
1142 1135 1233 1195 dubio

205 1239 362 1316 genetivus
384 1239 516 1316 languet,
539 1259 600 1300 non
623 1239 717 1300 solum
741 1239 812 1320 quie
832 1239 1004 1320 insequenti
1028 1238 1128 1298 stetim
1143 1257 1233 1300 vereu

203 1343 312 1403 iterum
341 1342 461 1418 legitur,
492 1344 543 1402 sed
574 1343 664 1403 etium
694 1344 764 1423 quie
794 1362 849 1420 per
870 1362 902 1401 se
924 1347 1015 1421 petet,
1048 1341 1098 1421 qui
1122 1360 1160 1400 eu
1182 1342 1233 1400 ael·

204 1448 342 1505 versariis
363 1444 602 1524 intercipiuntur,
625 1446 747 1504 hostium
772 1464 836 1505 esse
858 1444 976 1504 milites.
1014 1445 1072 1504 Sed
1095 1444 1146 1525 qui
1161 1442 1233 1504 inde

204 1547 325 1625 oolliget
353 1551 478 1612 verbum
508 1569 572 1610 esse
601 1548 768 1624 delendum,
800 1553 937 1610 naturum
967 1547 1122 1626 seripturis
1150 1548 1231 1607 houd

204 1650 264 1713 seio
294 1671 333 1712 en
362 1673 423 1713 non
455 1652 651 1732 perspexerit
695 1652 842 1730 Exemplo
864 1653 990 1712 dooent:
1024 1655 1116 1725 88,8
1148 1659 1233 1729 atque

203 1758 287 1814 etium
315 1757 484 1815 leontium
507 1755 671 1815 custodibus
702 1789 744 1803 -
774 1759 804 1816 in
825 1775 859 1815 ea
880 1773 955 1816 aare
975 1756 1069 1833 captis
1091 1756 1232 1814 triremem

203 1858 326 1919 hostium
346 1862 512 1938 proximam
534 1893 578 1905 -
599 1862 686 1937 cepit.
727 1860 843 1920 Deinde
866 1859 891 1918 si
913 1858 1052 1922 numuvit
1072 1858 1232 1919 nonnullos

203 1961 384 2022 hostium
407 1982 499 2026 neves
521 1968 623 2042 euplus
645 1982 719 2038 esse,
741 1963 875 2044 reliquus
896 1962 1061 2023 ineolumes
1084 1962 1232 2037 effugisse,

203 2084 258 2141 per
289 2085 321 2125 se
353 2065 540 2140 intellegitur
571 2067 626 2126 hes
657 2065 789 2145 reliquos
818 2067 892 2126 item
920 2065 1012 2125 luisse
1042 2065 1231 2125 hostium

203 2167 313 2229 Temen
337 2169 494 2244 genetivus
516 2170 637 2230 eliditur
659 2175 709 2243 68,
725 2174 755 2231 4.
788 2171 882 2229 Porro
906 2169 930 2227 si
952 2167 1102 2248 equitatus
1116 2168 1232 2246 impetu

203 2270 356 2347 legionum
377 2272 443 2333 loeo
466 2273 598 2349 pellitur,
628 2272 696 2333 illos
717 2274 859 2333 hostes
881 2271 974 2331 luisse
996 2270 1075 2330 ultro
1098 2277 1231 2350 epperet.

202 2374 313 2434 Temen
342 2376 427 2435 udest
451 2378 608 2452 genetivus
631 2381 681 2450 69,
704 2381 739 2448 8;
771 2377 821 2450 71,
845 2381 881 2449 23
913 2375 963 2449 tn,
986 2380 1024 2449 23
1056 2375 1095 2434 id.
1121 2380 1170 2449 58,
1193 2380 1212 2434 4
1223 2397 1231 2448 ;

204 2477 253 2551 78,
277 2484 313 2552 8;
346 2483 395 2553 88,
418 2484 437 2538 4
461 2499 522 2560 eqs.
568 2483 613 2539 Ao
642 2500 681 2540 ne
702 2479 735 2538 id
756 2479 877 2559 quidem
899 2478 952 2552 eis,
984 2479 1035 2558 qui
1058 2477 1230 2554 genetivum

203 2582 325 2640 laelium
349 2582 506 2642 delendum
528 2588 660 2655 oensent,
686 2583 907 2644 eoncedendum
929 2586 975 2643 est
995 2584 1118 2641 hostium
1141 2588 1172 2643 et
1193 2604 1231 2646 ea

203 2684 379 2744 aduersariis
407 2686 545 2747 notiones
573 2685 715 2762 ooniungi
737 2706 798 2747 non
820 2707 917 2764 posse.
961 2687 1038 2746 Num
1061 2691 1091 2746 et
1113 2687 1230 2763 suepius

204 2787 332 2865 seriptor
353 2789 429 2849 heeo
444 2809 612 2869 synonyme
626 2790 811 2867 permutavit
825 2789 922 2867 (velut
939 2795 988 2864 14,
1006 2794 1020 2847 1
1039 2823 1082 2834 -
1095 2808 1230 2866 magnam

203 2893 258 2950 min
288 2891 410 2951 loettum
432 2923 473 2938 -
496 2894 725 2952 aduersariorum
756 2895 878 2971 equitem
912 2892 961 2962 78,
986 2897 1003 2950 8
1035 2892 1230 2969 (Oeesenioni)

204 2989 246 3073 [in
261 2991 370 3076 loono]
393 2996 581 3072 impressione
593 2995 682 3072 faeta
703 2998 733 3054 in
747 2994 855 3076 sugam
870 2994 1056 3053 aduersarios
1069 2991 1229 3070 dederunt),

203 3102 233 3157 et
253 3098 312 3157 hoe
332 3096 399 3158 loeo
422 3099 505 3159 notio
527 3118 565 3158 eu
580 3099 757 3158 aduersariis
779 3097 857 3158 nihil
879 3096 960 3156 uliud
983 3096 1041 3156 nisi
1063 3095 1122 3157 looi
1137 3096 1229 3170 signi·

201 3199 371 3261 floutionem
400 3207 505 3262 noture
534 3203 661 3276 videtur,
694 3221 761 3261 omn
783 3201 940 3276 genetivus
962 3201 1086 3259 tortium
1107 3200 1228 3276 indioet,

203 3321 279 3383 quoe
300 3304 378 3364 rutio
399 3305 604 3367 intereesserit
625 3306 706 3366 inter
724 3311 881 3385 utrumque
896 3309 1021 3384 purtem.
1053 3305 1131 3365 Nem
1145 3303 1228 3365 illum

201 3405 259 3465 leui
290 3406 540 3482 signifioetionem
570 3410 679 3471 iterum
709 3408 881 3471 invenimus
911 3408 961 3484 27,
987 3412 1001 3467 1
1033 3427 1096 3467 oum
1118 3405 1155 3465 al
1177 3410 1229 3467 ad·

202 3511 340 3568 aurariis
370 3511 402 3589 (i.
425 3531 449 3571 e.
480 3514 517 3572 eb
543 3512 692 3590 Soipionis
721 3511 884 3587 militibus,
915 3513 966 3593 qui
996 3513 1140 3574 adversus
1169 3510 1229 3570 ele·

201 3612 331 3689 phontos
353 3614 502 3693 Soipionis
530 3615 670 3676 instruoti
696 3615 794 3694 erent)
826 3616 936 3694 Iapides
958 3617 1036 3674 mitti
1054 3617 1224 3690 coepissent.

290 3720 372 3790 18,8
395 3720 486 3777 etita
507 3717 663 3778 Lalt'enum
686 3719 795 3779 diat'sse
812 3738 870 3797 pro
893 3721 1024 3777 contione
1046 3725 1153 3774 tantam
1166 3734 1229 3774 sese

201 3819 408 3878 multitudinem
439 3823 619 3882 auxiliorum
652 3823 829 3882 aduersariis
861 3823 997 3880 Caesario
1027 3818 1228 3879 subministra-

201 3929 297 3980 turum
329 3931 363 3980 ut
390 3926 476 3983 eoum
505 3926 650 3984 caedendo
678 3957 720 3971 --
748 3924 907 4002 defatigati
932 3957 972 3969 -
1001 3931 1224 4000 superarentur,

200 4026 304 4104 quippe
325 4028 378 4109 qui
396 4029 458 4086 sine
480 4028 596 4087 illorum
609 4027 676 4104 fide
697 4028 756 4088 sili
776 4028 941 4105 confideret.
