2872 4778
565 297 781 374 „51..

240 481 305 543 Iam
336 480 420 542 ultro
450 484 588 560 apparat,
620 500 696 560 quaa
727 480 803 540 ratio
834 479 866 539 in
897 477 1085 541 emendando
1106 497 1185 540 com·

155 585 300 646 mentatio
322 586 475 664 sequenda
495 584 544 644 sit.
582 589 661 644 Ante
684 583 785 642 omnia
807 593 910 643 contra
938 582 984 642 W.
1006 585 1184 643 monendum

156 693 202 748 est
223 687 357 764 singulos
379 687 494 747 codices
516 691 619 747 contra
638 686 819 765 reliquorum
835 705 1012 746 consensum
1027 686 1106 747 nihil
1121 688 1184 746 fere

155 791 214 850 sibi
235 791 389 852 vindicare
412 809 498 866 posse
521 788 716 863 auctoritatis,
744 791 797 848 ssd
819 808 858 848 ex
880 788 1048 848 coniunctis
1070 810 1089 847 a
1112 796 1143 850 et
1165 786 1184 864 β

156 893 335 953 testimoniis
363 893 519 971 archetypi
542 893 567 950 Ο
591 891 770 969 scripturam
792 910 856 951 esse
878 891 1063 952 eliciendam.
1107 892 1185 951 Sane

151 997 254 1072 potuit
282 1000 310 1056 Δ
340 1003 374 1055 ut
402 995 488 1055 testis
517 994 745 1074 antiquissimus
776 1013 814 1055 ex
844 993 945 1054 codice
976 1015 995 1052 a
1023 993 1184 1069 genuinam

155 1098 312 1176 archetypi
336 1099 360 1156 0
383 1099 561 1178 scripturam
592 1118 609 1158 a
631 1097 763 1159 librariis
789 1097 925 1158 codicum
946 1098 962 1154 λ
984 1101 1016 1156 et
1037 1095 1057 1173 β
1079 1096 1185 1174 depra-

158 1206 255 1260 vatam
284 1200 499 1261 trausoribare:
532 1220 621 1280 quam
652 1220 719 1261 raro
746 1199 778 1259 id
808 1202 919 1260 factum
941 1200 989 1273 sit,
1017 1200 1067 1259 vel
1088 1199 1185 1277 ipsius

160 1304 206 1362 W.
238 1303 331 1363 editio
354 1307 514 1377 monstrat,
546 1303 597 1382 qni
621 1321 739 1380 perraro
761 1301 909 1363 solitarias
930 1301 1002 1362 libri
1023 1302 1186 1379 scripturas

158 1405 279 1482 recepit.
323 1407 364 1465 Et
395 1405 461 1466 sine
491 1405 632 1466 dubios
664 1406 744 1465 solus
766 1424 870 1464 verum
893 1403 1026 1464 servavit
1046 1405 1119 1465 locis
1140 1424 1187 1466 se·

160 1509 339 1588 quentibns:

245 1616 293 1685 ll,
309 1614 327 1669 4
344 1630 383 1670 nc
399 1610 490 1690 (nihil
504 1611 634 1690 relr'qar).
668 1616 718 1684 26,
736 1616 754 1669 a
770 1608 872 1670 accitis
888 1607 988 1687 (agitis
1003 1609 1130 1686 relique),
1152 1607 1186 1667 in

157 1714 289 1776 Siciliam
311 1715 356 1791 (in
376 1713 508 1774 Siciliam
531 1713 652 1792 missis).
701 1719 751 1787 28,
777 1719 795 1771 4
818 1712 922 1772 traditi
944 1711 1077 1790 (traditis
1100 1714 1127 1770 V
1129 1712 1185 1786 HF,

158 1823 228 1877 sunt
253 1816 358 1877 traditi
380 1816 425 1896 π).
474 1822 523 1891 39,
550 1823 567 1875 2
590 1817 718 1893 imperat
739 1820 774 1875 ut
794 1815 956 1894 (imperat).
1002 1820 1052 1890 tt,
1075 1819 1092 1872 5
1115 1819 1186 1892 pote

158 1917 261 1996 (peto).
307 1924 356 1992 56,
383 1925 394 1978 l
429 1939 523 1998 usque
554 1940 588 1980 eo
617 1925 660 1981 ut.
708 1923 759 1994 61,
784 1924 800 1977 5
824 1919 1027 1979 frumentandi
1049 1917 1147 1995 gratia
1159 1917 1187 1997 1)

158 2023 224 2099 (rel.
247 2021 325 2098 om).
372 2026 422 2096 62,
448 2027 465 2080 5
489 2028 629 2098 penteres
653 2020 874 2102 (pentaremes).
914 2026 995 2096 69,1
1022 2040 1097 2102 qnae
1120 2041 1188 2081 enm

159 2121 431 2203 (tumt,cumt1).
477 2126 526 2196 71,
552 2129 566 2184 l
597 2125 822 2185 condocefacere
844 2157 886 2170 -
910 2124 1082 2201 praecipere
1105 2124 1186 2202 (con-

158 2228 342 2287 docefaccret
355 2260 398 2272 —
412 2227 620 2308 praeciperet).
652 2227 702 2302 72,
717 2233 737 2287 4
754 2232 935 2306 ornatusque
951 2226 1184 2305 (oneratusque).

159 2327 208 2403 76,
231 2334 249 2386 2
274 2336 380 2409 quarta
400 2329 516 2405 vigilia.
556 2330 606 2403 77,
629 2335 647 2387 2
669 2330 765 2390 tribus
787 2349 855 2390 cum
878 2328 1059 2390 cohortibus.
1098 2328 1182 2402 76,2

158 2431 262 2509 oppidi
284 2431 431 2510 (oppido).
479 2435 526 2506 75,
552 2439 565 2491 1
590 2432 748 2493 interiecto
771 2432 996 2510 (circumiecto).
1036 2435 1086 2504 88,
1109 2437 1127 2489 6
1150 2436 1186 2491 ut

157 2533 272 2613 aliquid
294 2532 443 2613 (aliquid).

241 2639 364 2698 Praeter
394 2639 448 2699 hos
479 2638 558 2698 locos
588 2638 655 2699 aliis
686 2656 803 2719 quoque
835 2636 992 2717 permultis
1014 2637 1063 2701 W.
1094 2636 1184 2696 huius

157 2737 247 2799 solius
269 2739 379 2800 codicis
401 2740 608 2801 auctoritatem
631 2747 749 2802 secutus
771 2746 834 2802 est:
856 2746 888 2801 at
909 2739 969 2800 nisi
989 2740 1184 2802 demonstrari

156 2845 255 2918 potest
285 2843 461 2919 scripturam
494 2864 582 2922 quam
612 2845 759 2921 praebent
786 2843 900 2923 pariter
928 2845 944 2901 t
974 2847 1005 2902 et
1030 2839 1049 2917 β
1078 2843 1183 2903 falsam

158 2962 230 3018 esse,
260 2944 370 3005 codicis
394 2951 420 3004 A
442 2946 584 3007 librarius
606 2947 746 3006 mendosa
767 2946 919 3006 rettulisse
941 2946 1105 3005 censendus
1128 2950 1182 3005 est.

156 3046 251 3106 Taceo
281 3048 338 3107 hoc
369 3048 433 3109 loco
466 3050 502 3108 dc
533 3048 659 3129 reliquis
692 3047 886 3123 corruptelis,
917 3065 994 3125 qnae
1023 3047 1057 3107 in
1079 3050 1107 3106 Δ
1137 3046 1183 3106 in-

156 3148 318 3209 veniuntur
342 3151 424 3227 (sunt
445 3154 514 3228 plus
536 3149 694 3230 ducentis).
740 3148 859 3210 Etenim
888 3148 947 3208 iam
978 3147 1049 3207 iude
1074 3147 1184 3207 codicis

156 3251 345 3327 neglegentia
368 3254 499 3314 dilucide
521 3259 654 3331 apparet,
678 3254 757 3332 quod
779 3250 977 3331 quadraginta
1000 3251 1073 3310 locis
1092 3251 1185 3310 verba

156 3354 266 3429 omisit,
289 3376 365 3437 quae
380 3357 428 3418 W.
451 3377 570 3438 quoquc
592 3360 630 3418 ab
651 3355 732 3416 omni
747 3360 831 3432 parte
846 3353 1014 3414 necessaria
1029 3353 1182 3413 videntur:

242 3462 272 3533 2,
296 3463 313 3517 6
338 3464 428 3520 certo.
473 3465 502 3534 8,
526 3465 544 3518 2
569 3478 717 3520 numerus.
762 3462 791 3532 9,
816 3462 834 3514 2
856 3456 979 3519 idcirco.
1027 3456 1182 3531 10,1ab.

226 3678 252 3744 1)
269 3682 385 3731 Fortasse
403 3689 484 3730 autem
502 3683 564 3730 hacc
576 3681 652 3729 verba
664 3680 836 3740 interpolatori
849 3677 977 3740 deosum,
995 3677 1065 3725 cuins
1077 3675 1184 3736 vestigia

155 3768 265 3814 certain
283 3768 367 3816 codice
386 3782 435 3815 non
454 3768 558 3828 desunt3
577 3768 622 3815 cfr.
641 3769 681 3827 19,
700 3771 715 3817 d
733 3780 846 3825 eqwqae.
877 3766 918 3824 83,
937 3767 951 3811 2
966 3761 1104 3824 plumbique
1120 3761 1184 3809 r'tcta

155 3850 286 3920 (insertam
304 3868 317 3902 a
331 3857 372 3917 20,
385 3853 419 3918 3).
450 3856 491 3915 64,
512 3853 659 3914 dframsatr‘
673 3859 704 3902 et
721 3852 790 3902 ciat
806 3850 865 3919 (om.
880 3851 983 3912 inarato,
1001 3849 1018 3899 i.
1031 3863 1052 3898 e.
1068 3846 1184 3909 frameati

152 3935 265 4059 aa).

938 4068 978 4126 a·
1071 4089 1075 4097 ·
