2872 4778
513 369 746 434 -117-

96 544 261 626 formitate
272 537 303 622 1)
325 551 355 601 at
375 561 449 602 noro
472 544 559 602 odore
576 543 664 602 sr'rnsd
677 562 712 602 aa
726 544 853 603 stridore
868 546 1054 615 consternati,
1080 548 1144 605 tum

109 645 360 707 antecedentibus
376 646 392 726 ἓ
409 653 427 706 3
443 647 660 724 elephantorum
684 648 908 724 magnitudo
928 647 1144 727 multitudoque,

109 750 131 830 5
155 756 172 808 4
194 752 443 829 speciemque
463 758 493 809 et
514 753 657 809 virtatem.

202 856 218 913 7
224 859 250 928 3,
275 859 293 912 2
316 861 418 913 eontra
443 854 542 913 Gallos
564 863 679 932 apertos
703 852 884 934 [minimeque
904 853 1071 936 insidiosos]
1094 858 1146 933 qui

104 977 167 1035 per
190 959 321 1017 virtatem
344 957 416 1038 [non
436 976 491 1035 per
512 953 622 1036 dodum]
644 957 781 1017 dimicare
803 967 987 1016 consuerant.

203 1059 282 1124 Quia
304 1059 471 1136 argumenti
494 1080 532 1120 ex
554 1061 610 1120 hoo
632 1061 696 1121 loeo
718 1061 898 1122 redundaret
915 1063 952 1120 ad
966 1059 1143 1139 impugnan-

110 1165 183 1223 dam
205 1164 364 1240 Landgrafi
386 1163 573 1238 sententiam,
596 1183 686 1242 supra
708 1164 833 1243 exposui
856 1185 922 1242 pag.
947 1170 998 1225 20.
1043 1163 1142 1225 Huius

109 1265 208 1340 igitur
229 1266 288 1328 loni
310 1266 357 1328 vis
378 1273 413 1328 ut
434 1266 627 1341 minneretur,
651 1268 699 1328 W.
715 1267 836 1328 seelnsit
849 1269 980 1329 membra
995 1268 1142 1344 negativa,

111 1390 293 1450 quamquam
315 1372 373 1431 hoo
394 1369 539 1431 sermonis
561 1390 655 1446 genus
677 1370 815 1448 scriptori
837 1391 980 1450 perquem
1000 1370 1141 1431 usitatum

111 1477 171 1546 ast,
198 1474 281 1534 velut
303 1479 352 1549 29,
376 1478 412 1549 23
437 1479 485 1549 51,
509 1478 528 1533 4
556 1472 697 1552 facilest
726 1475 812 1532 sine
838 1474 1043 1551 periculo;
1077 1473 1142 1534 sim.

113 1580 167 1650 31,
193 1581 335 1651 1333,1
362 1597 441 1658 eqs.;
465 1578 518 1637 ofr.
541 1576 588 1636 W.
610 1578 647 1636 ad
674 1582 699 1652 1,
724 1583 752 1637 2.

202 1681 250 1754 73,
273 1686 290 1738 2
323 1681 416 1758 legati
443 1682 556 1739 interim
579 1700 616 1739 ea
638 1680 740 1758 oppido
765 1682 858 1757 Vaga,
893 1678 969 1758 qnod
987 1679 1140 1754 pinitirnnm

99 1783 173 1864 snit
193 1786 294 1857 Zetae,
327 1784 425 1865 [enias
449 1785 599 1843 Caesarem
627 1786 750 1861 potitum
773 1804 833 1843 esse
855 1783 1139 1864 demonstravimus]

111 1888 237 1958 perrenni.

200 1991 335 2050 Alterum
358 1988 544 2051 enuntiatum
567 1987 752 2066 glossematis
774 2009 844 2066 prae
867 2010 899 2050 se
919 1992 997 2051 ferre
1011 1991 1142 2069 speeiem

112 2094 268 2154 contendit
289 2095 348 2169 W„
371 2092 440 2175 quia
462 2093 556 2171 priori
578 2092 793 2153 adnectendum
816 2092 908 2153 tuerit
930 2093 1043 2170 eopnla.
1083 2095 1141 2154 Sed

112 2199 238 2258 alterum
271 2197 459 2258 enuntiatum
478 2196 647 2258 ‘relativum
679 2195 705 2256 si
730 2195 824 2275 priori
846 2198 1052 2258 adnecteretur
1074 2217 1142 2274 par·

114 2300 206 2362 tinulo
229 2321 294 2379 ·qae
316 2301 366 2362 vel
387 2310 424 2375 et,
446 2301 484 2360 ad
507 2301 649 2380 oppidum
668 2299 779 2376 Vagam
802 2303 960 2380 speetaret.
1000 2301 1038 2360 Id
1061 2302 1141 2380 quod

112 2403 332 2481 ineptissimum
364 2408 425 2478 eet,
456 2409 488 2464 ut
518 2408 602 2481 patet
627 2401 898 2483 exsequentibus:
932 2402 1139 2478 Vagenses

112 2512 271 2585 petunt,
303 2517 335 2565 nt
364 2507 422 2566 sibi
446 2507 692 2586 praesidinm
723 2509 828 2565 mittat.
874 2506 981 2585 Itaque
1013 2506 1138 2567 alterum

113 2609 300 2672 enuntiatum
322 2611 360 2670 ad
373 2612 475 2671 Zetam
497 2615 620 2688 spectat.
655 2611 708 2672 afr.
725 2616 773 2685 68,
791 2614 808 2668 2
827 2612 934 2670 Caesar
948 2644 990 2656 --
1005 2611 1139 2689 oppidum

111 2714 237 2792 (Zetam)
253 2747 295 2759 -
306 2716 430 2791 potitur.
466 2713 631 2775 Euantiata
651 2713 746 2791 igitur
766 2714 893 2775 relative
914 2715 970 2775 hoo
991 2715 1057 2775 loeo
1076 2734 1139 2775 sese

112 2815 270 2894 excipiant
291 2816 403 2894 pariter
425 2837 459 2877 ao
483 2823 510 2891 3,
529 2822 541 2876 l
560 2818 749 2878 Adrumetnm
764 2816 873 2875 —nti
889 2818 1137 2894 praesidinm

111 2928 178 2978 erat
207 2920 455 2992 adversariorum,
491 2923 560 2979 eui
584 2928 724 2999 praeerat
754 2920 786 2978 C.
814 2919 974 2978 Considius.
1027 2919 1139 2999 Aliqua

113 3026 227 3083 tautum
251 3043 289 3083 ex
311 3028 397 3101 parte
419 3022 532 3084 similes
555 3028 624 3084 sunt
645 3021 704 3083 looi
726 3026 901 3102 sequentes:
929 3026 978 3096 85,
1001 3026 1020 3083 4
1044 3031 1076 3080 ut
1095 3055 1138 3067 —

111 3127 263 3204 daremque
299 3126 420 3205 aii'quem
456 3130 639 3205 requirerent
675 3125 769 3207 [quem
806 3123 1016 3206 respicerent],
1056 3126 1137 3184 eneas

111 3231 285 3288 auctoritaie
308 3233 483 3309 imperioque
505 3250 563 3289 rem
584 3239 729 3307 gererent.
772 3233 855 3303 38,2
878 3259 918 3271 -
936 3231 1067 3306 turrique
1081 3262 1134 3301 -,

111 3351 184 3410 qnae
202 3335 339 3410 proaima
354 3332 423 3412 snit
442 3335 548 3393 eastris
571 3333 800 3392 aduersariorum
824 3329 869 3413 [in
892 3350 949 3410 qua
972 3332 1060 3393 docui
1077 3352 1138 3391 esse

111 3433 249 3514 (fuissei)
269 3438 446 3519 praesidium
462 3433 679 3516 Numidarum}
714 3436 773 3496 His
795 3455 914 3518 quoque
937 3436 1050 3497 duobus
1066 3436 1138 3496 loeis

110 3537 157 3597 W.
181 3559 248 3598 eum
269 3538 453 3601 desideraret
476 3541 619 3619 eopulam,
649 3541 774 3601 alterum
798 3539 986 3601 enuntiatum
1008 3540 1135 3600 seclusit.

110 3641 169 3701 Sed
192 3642 244 3702 afr.
269 3646 352 3718 91,1
376 3644 415 3702 ad
436 3645 615 3722 oppidum
638 3645 769 3715 Zamam,
795 3643 863 3702 abi
884 3645 945 3722 ipse
966 3642 1135 3702 domicilium

109 3744 240 3816 latebat,
266 3765 335 3823 qno
357 3781 399 3790 —
414 3767 521 3806 ommam
533 3749 682 3825 pecaniam
699 3756 937 3824 comparaverat.
975 3745 1035 3808 eis.
1051 3746 1136 3808 Verr.

108 3848 198 3920 IV,4
223 3850 387 3928 Cupidinem
406 3848 482 3929 fecit
502 3850 594 3922 illam,
619 3853 671 3928 qai
689 3858 734 3908 est
749 3851 890 3927 Thespiis,
913 3858 1035 3928 propter
1056 3867 1135 3928 qnam

181 4070 206 4139 1)
223 4072 363 4134 maantado
379 4080 403 4125 ee
418 4072 561 4137 deformitas
578 4094 613 4120 ι-
631 4074 729 4139 meane.
