2872 4778
610 271 822 338 „gg-

286 448 331 506 De
352 447 442 506 huius
463 446 522 506 looi
542 450 695 512 ,struoture
717 447 845 527 quedam
870 466 908 507 ex
931 451 1016 524 parte
1038 447 1098 507 iam
1115 447 1231 522 egimus

198 570 266 630 pag.
284 555 323 610 28
347 556 377 612 et
402 555 450 611 58.
488 550 715 613 Substantinum
727 549 802 626 fide,
823 550 906 631 quod
931 551 1062 627 pendeat
1084 570 1124 610 ex
1144 569 1229 628 prae-

199 652 348 732 positione
362 656 433 728 sine,
449 654 578 714 oodexL
595 674 634 714 ex
648 673 730 714 mera
745 653 860 714 addidit
873 652 1045 714 eouieetura
1058 654 1230 734 insequenti

199 776 272 818 usus
288 755 434 829 adieetivo
447 756 566 833 fideles.
599 756 656 831 W„
683 755 735 837 qui
750 761 820 816 ante
834 759 898 815 sebe
911 756 1020 816 inserit
1034 756 1080 814 vet
1093 757 1231 819 vooulom

200 860 391 938 superfluam,
406 878 473 919 onm
488 858 613 940 reliquis
629 859 793 919 editoribus
805 857 962 920 Leideneis
971 859 1101 934 vestigio
1112 861 1231 937 pressit.

201 967 243 1022 nt
272 983 327 1041 per
354 967 451 1024 totum
482 962 540 1021 hoo
569 961 680 1022 bellum
702 961 835 1039 Scipioni
859 962 1053 1043 Labienoque
1084 962 1114 1021 id
1127 1020 1129 1027 ,
1143 981 1231 1044 quam

201 1065 332 1126 maxime
354 1066 502 1140 agendum
524 1071 597 1140 erat,
619 1070 654 1126 nt
676 1065 732 1139 sibi
755 1065 951 1126 oonoiliarent
965 1065 1058 1126 Iubae
1074 1065 1230 1127 auxilium.

202 1170 308 1250 Neque
338 1168 454 1250 equites
486 1187 543 1228 neo
572 1167 648 1229 levis
680 1173 831 1228 ermetura
859 1167 904 1228 eis
934 1173 1053 1249 praesto
1086 1175 1153 1228 erat
1174 1169 1232 1229 nisi

201 1273 296 1333 Iubue
335 1270 458 1332 auxilio.
512 1271 606 1333 Iubae
645 1278 744 1332 autem
779 1291 888 1331 nomen
921 1272 953 1330 in
986 1271 1233 1332 antecedentibus

202 1375 348 1435 exhibent
377 1375 509 1438 oodioes:
541 1377 584 1434 ito
611 1375 629 1433 1
635 1374 743 1434 ubam
773 1375 894 1436 diartee.
945 1373 1036 1435 (iuius
1054 1373 1233 1453 ‘seriptum

203 1477 407 1540 defensionem
439 1479 496 1540 etsi
526 1479 656 1540 Forohla
689 1475 768 1556 (pag.
795 1481 854 1537 105
878 1477 953 1556 seq.)
987 1475 1061 1538 soite
1094 1477 1234 1555 snsoepit,
1309 1553 1312 1559 .

205 1587 305 1642 temen
329 1602 395 1643 eam
416 1602 477 1642 non
500 1602 588 1660 posse
609 1581 707 1642 loeum
730 1579 868 1641 obtinere
890 1600 993 1641 omnes
1016 1579 1235 1648 intellexerunt

204 1683 333 1745 editores
348 1691 379 1745 et
392 1685 595 1758 restituerunt,
620 1685 698 1764 qnod
718 1684 794 1744 ratio
810 1683 950 1762 postulet,
977 1693 1006 1742 et
1019 1685 1060 1742 ita
1075 1683 1234 1744 Labienum

204 1787 325 1845 debitae.
359 1790 499 1848 Attamen
523 1806 582 1868 qua
604 1787 654 1849 via
676 1787 734 1848 hoo
755 1787 895 1847 mendum
918 1792 1022 1847 natum
1044 1787 1093 1860 sit,
1115 1787 1158 1847 sio
1174 1806 1235 1846 non

205 1888 381 1965 explieatur.
414 1889 446 1948 Si
469 1895 568 1950 autem
589 1890 730 1965 fingimus
745 1888 835 1949 Iubae
850 1909 957 1949 nomen
975 1909 1028 1949 suo
1044 1889 1235 1950 interoidisse

135 2037 137 2041 .
205 1992 281 2067 loeo,
312 1992 420 2054 deinde
443 1993 475 2052 in
497 1993 632 2069 margine
655 1992 838 2071 adseriptum
861 2012 934 2067 esse,
958 1997 1038 2054 oerte
1058 1992 1148 2054 faoile
1169 1992 1236 2053 fleri

206 2095 315 2173 potuit,
345 2095 440 2170 ut‚id
470 2096 568 2157 alieno
594 2097 658 2159 looo
681 2096 828 2157 insertum
850 2115 958 2156 nomen
982 2095 1118 2169 Labieni,
1152 2095 1235 2176 quasi

207 2204 284 2260 esset
315 2204 501 2273 oorreotura,
531 2199 598 2261 loeo
631 2199 768 2284 pelleret.
812 2199 920 2280 Iteque
952 2198 1143 2260 soribendnm
1172 2217 1236 2258 osse

207 2303 334 2386 eonieoit
356 2304 508 2378 Kiessling
538 2306 644 2382 quippe
672 2305 804 2381 quisine
830 2303 848 2361 1
854 2301 948 2361 retae
977 2303 1129 2361 auxilio
1158 2300 1240 2360 siti

207 2405 373 2483 confideret.
417 2406 480 2466 Sibi
512 2411 611 2466 autem
642 2406 772 2467 oonfisus
803 2411 868 2465 erat
889 2404 1039 2465 Labienus
1062 2408 1093 2465 et
1113 2410 1239 2483 propter

208 2507 455 2568 Caesarianornm
478 2509 638 2568 tumultum
660 2513 690 2569 et
706 2512 829 2588 propter
844 2508 998 2586 eopiarum
1013 2527 1133 2568 suarum
1148 2507 1237 2568 fidem

210 2613 241 2668 et
272 2628 492 2670 numerum:
523 2610 626 2691 iteqne
655 2611 797 2690 seriptor,
831 2618 904 2692 quot
924 2610 1039 2672 fuerint
1060 2611 1165 2688 eopiae
1187 2610 1238 2670 ad·

212 2712 421 2787 versariorum,
438 2713 572 2792 exponit.
608 2713 674 2780 Qua
688 2714 720 2773 in
736 2715 959 2776 enumeratione
981 2713 1239 2775 Numidarum

211 2815 324 2877 mentio
348 2837 473 2898 quornm
494 2818 644 2878 Labienus
667 2838 784 2898 semper
806 2823 872 2879 erat
894 2819 955 2879 dux
976 2817 1081 2899 utique
1103 2817 1239 2877 fuoiende

211 2925 284 2982 erat.
320 2920 357 2980 Id
380 2919 475 2981 solum
497 2923 660 2982 tenendum
682 2926 728 2982 est
749 2923 781 2981 in
801 2921 968 2981 referendis
992 2921 1120 2982 fldueiae
1143 2919 1239 2982 oensis

213 3025 388 3103 scriptorem
414 3027 507 3086 verbo
535 3027 621 3085 modo
651 3044 721 3085 sues
743 3025 830 3085 modo
854 3024 980 3085 Labieni
1003 3012 1239 3085 aeoommedaese

212 3128 339 3189 rationi:
360 3129 464 3207 quippe
483 3134 536 3209 qai
546 3133 610 3202 sebe
623 3129 713 3189 lotoe
727 3128 840 3187 anarbo
854 3127 913 3187 sos·
925 3125 1092 3203 corfideret,
1115 3130 1240 3205 primam

214 3230 267 3309 (ex
286 3229 403 3290 ratione
425 3233 590 3312 seripturis,
620 3231 672 3314 qui
694 3232 760 3311 ipse
782 3232 856 3291 haee
878 3229 989 3308 seivit),
1011 3231 1088 3309 quod
1107 3229 1243 3290 audierat

214 3366 257 3378 -
286 3334 414 3410 legiones
443 3345 596 3396 veteranas
627 3338 780 3395 disserente
810 3352 900 3412 neque
932 3366 974 3379 -
1005 3333 1077 3392 velle
1098 3334 1242 3406 trannin

215 3436 315 3495 derude
336 3436 413 3513 quod
432 3437 485 3517 (ex
505 3438 623 3499 ratione
638 3438 777 3516 Labieni)
800 3471 842 3481 -
864 3456 932 3496 suos
953 3437 1058 3496 milites
1084 3471 1118 3481 -
1134 3433 1242 3512 fideles

215 3540 273 3599 sibi
300 3541 356 3598 oiim
384 3541 539 3622 effecisset,
575 3539 716 3623 [maximo
746 3552 839 3601 uatem
869 3541 980 3600 auretio
1003 3539 1120 3598 heberet
1140 3538 1243 3598 Numi·

216 3645 318 3703 doram
349 3643 473 3723 levetque
502 3641 695 3726 armaturae}
742 3644 906 3724 Huoosque
928 3642 1057 3722 seriptor
1077 3641 1244 3703 Labienum

216 3768 271 3827 pro
304 3747 444 3809 contione
474 3748 587 3809 feeerat
615 3748 771 3808 dieentem.
816 3746 945 3828 Reliqua
976 3745 1089 3806 auxilia
1119 3765 1159 3804 ex
1191 3762 1245 3804 sus

216 3850 326 3910 iterum
355 3851 497 3913 memorio
527 3851 651 3925 sdieoit,
683 3855 714 3910 et
743 3855 812 3929 apte
843 3848 974 3910 deourrit
1003 3848 1115 3923 oratio,
1146 3847 1244 3921 modo,

219 3954 298 4033 qnod
340 3954 491 4030 Kiessling
532 3956 605 4015 item
648 3953 759 4027 sensit,
802 3953 890 4014 initio
928 3955 1021 4015 verbu
1060 3954 1119 4013 hoo
1158 3952 1245 4011 modo
