2872 4778
599 368 813 442 „35-

188 546 241 628 qui
263 547 412 609 scribendi
435 568 541 608 munus
564 551 714 625 professus
736 548 776 609 sit
790 553 944 626 tantopere
959 550 996 608 ab
1013 548 1092 610 omni
1108 555 1172 611 arte
1188 556 1218 611 et

187 652 336 728 elegantia
373 651 547 712 destitutum
586 672 650 711 esse
683 653 842 727 fateamur,
883 657 1067 731 quantopere
1097 653 1129 713 in
1160 656 1217 713 hoc

187 754 332 830 scriptore
362 756 582 813 concedendum
614 759 668 827 ost,
700 753 853 814 tamenin
877 775 984 829 magna
1006 755 1095 815 huius
1117 755 1217 830 negle-

186 856 304 932 gentiae
339 857 425 933 copia
461 856 641 936 quicumque
679 857 816 917 neutrius
850 856 946 934 partis
975 857 1124 918 studiosus
1155 877 1216 917 rem

185 959 277 1019 solam
307 959 557 1036 contemplabitur
586 961 683 1020 lacere
705 980 766 1020 non
788 961 909 1039 poterit,
943 961 1016 1039 quin
1039 960 1071 1020 in
1093 961 1216 1019 eandem

173 1061 318 1121 'discedat
339 1063 526 1122 sententiam.

270 1165 349 1224 Sanc
375 1165 475 1225 omnis
495 1166 571 1226 haec
594 1170 624 1226 et
645 1165 803 1241 languidae
825 1165 1020 1227 verbositatis
1043 1171 1073 1226 et
1093 1171 1216 1243 apertae

186 1267 334 1327 scribendi
369 1266 507 1327 inscitiae
540 1270 716 1330 documenta
750 1288 804 1328 neo
835 1269 1045 1344 Landgrafium
1074 1269 1218 1346 fugeruut

187 1389 241 1429 nec
263 1369 500 1432 Woelfflinium:
532 1377 659 1450 uterque
689 1370 783 1430 libere
814 1373 965 1447 professus
997 1377 1042 1432 est
1063 1372 1135 1431 talia
1157 1391 1216 1431 non

187 1474 332 1552 quadrare
355 1473 385 1532 in
409 1472 558 1533 Asinium.
604 1473 732 1532 Tantum
754 1479 852 1533 autem
876 1473 961 1547 afuit,
984 1479 1019 1534 ut
1039 1473 1218 1533 sententiam

187 1595 269 1634 suam
291 1575 339 1635 his
362 1575 457 1635 everti
481 1577 687 1651 concederent,
714 1581 748 1636 ut
770 1577 875 1637 tollere
897 1577 950 1636 illa
974 1577 1127 1637 studerent
1148 1580 1219 1636 nota

185 1677 238 1737 illa
268 1678 445 1737 emendandi
477 1678 609 1739 ratione:
642 1679 675 1738 in
707 1680 866 1756 pulchrum
897 1685 928 1740 et
956 1680 1120 1756 perfectum
1143 1698 1218 1755 opus

187 1781 267 1860 quod
280 1780 403 1841 Asinius
425 1781 568 1842 edidisset
583 1781 831 1859 interpolatorum
846 1782 1003 1843 libidinem
1018 1787 1078 1842 tam
1092 1782 1219 1843 licenter

187 1902 250 1943 esse
281 1890 453 1958 grassatam,
483 1892 516 1945 ut
541 1884 715 1960 languidum
736 1885 813 1966 ilkrd
836 1890 866 1945 et
887 1886 987 1945 laxum
1010 1885 1152 1946 existeret
1173 1886 1217 1944 di·

187 1986 273 2045 cendi
296 2006 406 2062 genus;
427 1988 529 2067 itaque
554 1987 678 2049 editoris
701 2008 764 2048 esse
786 1988 1038 2064 interpolamento
1052 1989 1125 2048 haec
1138 1987 1220 2047 inter

186 2089 317 2162 genuina
347 2090 475 2150 auctoris
505 2093 599 2151 verba
620 2090 734 2151 inserta
758 2092 897 2166 detegere
920 2095 950 2150 et
971 2091 1088 2150 detecta
1110 2089 1217 2149 delere.

185 2345 210 2391 irs
229 2353 319 2395 castra.
355 2349 396 2407 85,
415 2351 431 2396 4
449 2347 493 2406 qui
502 2355 633 2409 postquam
651 2374 683 2385 -
703 2348 745 2408 qai
758 2353 887 2408 postquam
904 2373 938 2384 -
957 2360 1003 2406 quo
1016 2350 1146 2405 postquam
1163 2343 1217 2407 (qai

179 2439 308 2492 postquam
325 2460 359 2468 -
377 2437 401 2481 et
501 2434 552 2491 Quo
565 2441 697 2495 postquam
715 2431 776 2496 W.).

251 2519 330 2567 Porro
357 2525 424 2567 extat
451 2521 492 2579 60,
511 2523 578 2570 1-1
606 2520 673 2568 intra
696 2533 785 2568 versus
810 2524 865 2566 octo
890 2532 1025 2579 pronomen
1053 2530 1109 2565 saar
1126 2515 1214 2574 sexies,

184 2618 332 2664 quamquam
349 2619 381 2653 nc
399 2607 475 2653 semol
494 2606 594 2665 quidem
613 2604 782 2654 necessarium
799 2609 859 2663 orat,
878 2609 903 2652 et
917 2605 958 2664 st,
972 2607 1036 2651 1-a
1051 2603 1217 2651 introversus

184 2704 274 2737 novem
291 2692 417 2739 invenitur
434 2690 548 2751 donisque
565 2706 645 2740 eoram
662 2691 765 2739 ceaddr'a
782 2717 816 2727 —
833 2690 901 2737 dorsis
911 2689 1013 2738 uenditis
1024 2703 1105 2736 eoram
1116 2714 1149 2725 -
1162 2701 1217 2735 oon-

183 2776 263 2823 aerstar'
279 2791 359 2824 coram
379 2803 410 2813 -
429 2778 556 2825 concentui
574 2773 675 2844 [eomas]
696 2803 727 2814 —
745 2776 855 2836 dorsaqsoe
871 2791 957 2825 eoram.
987 2777 1016 2822 In
1029 2776 1114 2823 eodem
1128 2773 1216 2820 delude

184 2863 311 2909 enuntiato
337 2863 405 2924 coepi
421 2863 526 2910 verbum
544 2863 661 2912 iteratum
681 2868 718 2910 cst
735 2865 760 2922 t,
781 2866 795 2911 2
814 2868 900 2909 eastra
917 2861 979 2908 ande
998 2859 1090 2907 Caesar
1108 2896 1113 2908 .
1128 2895 1133 2905 .
1148 2895 1154 2906 .
1172 2860 1217 2906 iter

178 2946 267 3006 facere
291 2954 465 3008 coeperat,
493 2955 594 3008 occupat
619 2955 641 2994 at
661 2962 876 3006 ...apmm‚..
895 2945 1136 3006 imaqaicoepemmt.
1173 2945 1212 2992 Si-

183 3033 274 3081 militer
292 3033 332 3092 61,
351 3036 366 3081 1
385 3048 437 3080 eam
453 3033 576 3094 coepisset,
596 3028 693 3099 [sudata]
782 3029 877 3098 [coepit]
964 3046 1015 3079 oum
1033 3030 1119 3078 raddo.

251 3119 319 3166 ldom
335 3119 423 3166 delude
440 3118 560 3167 enuntiati
577 3119 676 3167 initium
694 3118 815 3166 occurrit:
835 3119 875 3175 13,
891 3120 956 3165 1-1
971 3118 1049 3163 tosus
1060 3114 1155 3162 daemm
1170 3151 1174 3160 .
1188 3151 1213 3162 ..

181 3204 258 3250 acrem
278 3202 389 3264 deviam
475 3205 569 3251 saurim
587 3204 680 3252 Caesar
695 3204 771 3252 aciem
789 3204 883 3262 derina
919 3204 960 3260 38,
981 3203 1046 3248 1-a
1066 3200 1158 3248 Caesar
1176 3228 1209 3238 —

183 3285 604 3356 ansar(altsrumnomeuvacat).
628 3291 746 3348 ta‚4-o
759 3290 824 3350 qasod
834 3289 919 3336 adi-
932 3287 998 3347 qaod
1008 3286 1056 3336 ott.
1080 3287 1124 3334 etr,
1137 3287 1178 3344 85,
1191 3288 1216 3333 4.

249 3375 364 3435 Denique
380 3376 523 3424 conterendi
540 3381 598 3423 sunt
615 3377 666 3423 loci
687 3379 836 3434 sequentes:

252 3462 326 3520 10,3
351 3461 460 3523 suposita
486 3488 516 3497 -
543 3462 670 3522 saporatos.
707 3462 783 3524 23,3
811 3460 899 3508 avertit
926 3487 956 3498 -
979 3461 1103 3508 concertet.
1139 3463 1180 3518 63,
1203 3461 1215 3505 1

182 3563 242 3607 equo
258 3547 365 3595 admisso
382 3547 475 3594 omissis
492 3546 598 3594 numidas
613 3545 689 3594 rodas.
721 3549 761 3605 25,
774 3549 790 3594 4
806 3543 942 3613 [cnjpalras
955 3546 1117 3607 capellersmr.
1146 3547 1214 3603 36,1

182 3634 315 3682 aadmmm
337 3647 386 3680 con
409 3633 548 3680 mummia
585 3632 660 3690 60,5
683 3632 811 3694 praesidio
831 3660 862 3670 -
882 3628 1043 3700 [prae]mr’m't.
1081 3634 1104 3687 6,
1125 3635 1137 3677 1
1163 3629 1217 3679 sub.

183 3720 245 3768 aiam
262 3746 296 3756 -
314 3719 441 3768 macarem.
478 3721 520 3778 dd,
538 3719 554 3764 4
572 3719 598 3765 im
614 3719 702 3766 moratis
720 3720 774 3766 loeo
793 3745 826 3755 -
844 3719 957 3766 locatum.
989 3721 1031 3778 91,
1051 3720 1066 3766 2
1084 3723 1110 3764 ut
1127 3714 1217 3762 cotom

181 3806 311 3863 intersectis
410 3819 435 3852 ae
459 3805 557 3865 imsuper
579 3804 730 3864 interficeret.
768 3805 809 3864 10,
831 3806 846 3852 3
871 3804 968 3851 martios
993 3803 1100 3861 mamers,
1127 3808 1154 3848 ut

182 3892 318 3939 mitteretur.
351 3892 391 3948 31,
405 3893 420 3939 o
433 3897 502 3951 turpe
518 3890 567 3938 sibi
582 3890 735 3938 mamaeae
752 3923 779 3939 ..
796 3927 801 3938 .
821 3904 845 3937 re
863 3889 1001 3937 exhumari
1015 3887 1100 3951 (idque
1112 3901 1141 3934 eo
1155 3887 1217 3944 loco,

182 3977 225 4024 ubl
243 3977 351 4024 studium
369 3977 519 4036 granditatis
537 3977 721 4038 apertissimum
739 3983 791 4037 est;
818 3976 883 4023 idom
902 3974 968 4023 cadit
985 3987 1060 4035 supra
1078 3973 1104 4020 in
1124 3975 1163 4032 10,
1183 3969 1219 4036 3).

183 4063 224 4127 ld,
242 4065 258 4111 1
277 4075 317 4110 eor
333 4061 445 4112 mmirsos
464 4096 512 4113 ...
533 4063 656 4125 suppetias
673 4062 751 4112 matta.

972 4141 1011 4201 3*
