2872 4778
606 365 843 433 -119-

204 543 386 601 Cuesuriani
399 574 443 586 -
458 560 618 619 parumper
632 551 789 601 cesserunt.
824 540 909 600 Unde
924 543 1049 620 apparet
1064 540 1239 619 scriptorem

199 645 331 707 notione
347 644 499 720 legionum
510 645 559 707 vel
573 643 805 721 legionariorum
818 645 1067 721 comprehendere
1084 644 1239 724 equites

199 768 326 829 quoque
347 748 499 824 legionum
516 748 583 826 (cir.
601 748 695 810 Tacit.
711 768 781 808 nnn.
799 747 838 807 73
856 757 967 807 turmae
981 748 1103 806 soesules
1118 751 1238 826 equites-

200 871 259 930 que
277 851 443 930 legionum).
476 852 620 933 Idemque
643 855 772 930 probent
787 856 947 931 sequentes
961 850 1037 913 loci:
1061 851 1111 926 37,
1128 857 1146 910 2
1162 850 1241 910 subet

202 974 303 1014 omnes
334 955 517 1032 legiones
546 989 589 1000 -
620 975 650 1014 se
678 957 876 1033 consequi-
898 957 1052 1032 Ruspinam
1076 987 1128 1013 —.
1175 955 1239 1013 ende

201 1091 249 1102 —
269 1067 392 1136 propter
414 1076 493 1116 inore
519 1059 701 1135 legiones
723 1059 806 1118 ducit
826 1092 876 1119 —.
922 1059 979 1118 Sed
1004 1063 1053 1134 38,
1078 1064 1095 1116 2
1119 1057 1238 1119 (lassari

206 1159 422 1240 equitatus
446 1181 564 1241 quoque
579 1168 696 1239 praesto
712 1167 765 1222 est
802 1167 852 1237 69,
870 1167 889 1221 4
905 1164 934 1221 iu
953 1163 1088 1221 Caesaris
1111 1163 1237 1239 legio·

206 1285 226 1323 u
239 1265 358 1323 arios
396 1265 527 1340 impeturn
555 1263 673 1341 sueiuut
702 1265 853 1323 Numidae.
906 1264 965 1324 Sed
997 1266 1052 1340 70,
1081 1271 1099 1324 2
1132 1264 1238 1324 Caesar

207 1366 372 1447 equites
408 1371 577 1444 propter
613 1386 807 1446 equorum
843 1366 1065 1428 interitum
1102 1372 1237 1428 extremo

208 1469 325 1545 agmine
361 1468 498 1531 removit.
553 1467 744 1549 Quapropter
781 1470 912 1549 perbene
949 1469 1077 1531 discerni
1114 1476 1239 1547 apponet

207 1573 466 1648 legionarios
504 1571 671 1652 pedites
708 1574 758 1635 vel
794 1571 1002 1650 milites¹)
1037 1578 1068 1635 et
1103 1574 1238 1650 legio·

207 1674 343 1736 marios
380 1676 553 1758 equites.
607 1678 647 1737 Et
686 1697 718 1737 re
757 1696 829 1737 vera
868 1676 978 1754 legitur
1017 1682 1071 1752 14,
1105 1682 1123 1735 2
1161 1680 1238 1736 luter

208 1781 463 1856 legionarios
483 1781 559 1857 ped
566 1783 642 1839 iles
664 1781 931 1856 menisminorum,
955 1801 1013 1860 quo
1028 1780 1092 1842 looo
1108 1779 1237 1842 editores

207 1904 307 1945 omnes
329 1882 439 1944 iniurie
460 1888 495 1943 ut
517 1883 591 1943 mihi
613 1882 735 1944 videtur
754 1885 863 1961 pedites
885 1884 994 1947 delent

293 1988 342 2062 77,
370 1993 382 2046 l
407 2007 466 2046 rem
491 1984 594 2068 [mule]
615 1996 727 2064 gestem
750 1986 863 2046 docent.

292 2092 398 2170 Spreta
420 2088 582 2152 Vescosani
608 2087 824 2163 emendatione,
854 2087 907 2170 qui
929 2088 1040 2151 litteris
1062 2089 1169 2150 melius
1191 2089 1238 2148 di-

206 2193 303 2255 ductis
333 2213 392 2253 rem
422 2213 501 2253 ose
524 2203 636 2271 gestum
660 2191 780 2270 scripsit
802 2193 828 2271 (l
847 2212 901 2270 pro
923 2211 946 2267 e,
975 2196 1009 2253 ut
1031 2197 1080 2266 26,
1105 2192 1239 2251 odoleni

205 2318 259 2374 pro
289 2299 385 2357 deseri
412 2297 616 2375 reponendum
645 2295 713 2370 fuit,
743 2299 774 2356 et
804 2300 854 2370 20,
878 2301 896 2354 4
928 2297 953 2354 Α
977 2294 1048 2356 item
1070 2296 1166 2354 deseri
1185 2314 1236 2355 ex·

205 2401 290 2461 hibet
320 2419 373 2479 pro
403 2399 516 2479 deleri),
550 2400 597 2462 W.
630 2400 703 2458 mule
735 2419 752 2458 a
784 2397 974 2475 grammatico
1007 2397 1141 2457 additum
1172 2418 1235 2460 esse

205 2509 315 2576 censet,
337 2503 389 2582 qui
403 2501 641 2563 Thubenensium
664 2501 818 2579 perfidiam
841 2503 999 2564 nonedam
1023 2521 1086 2563 esse
1106 2506 1234 2579 putaret.

204 2606 372 2666 Dolendnm
395 2625 475 2680 sane,
499 2608 576 2685 quod
599 2605 681 2683 pium
703 2607 784 2668 hunc
802 2606 1026 2684 grammaticum
1042 2626 1101 2667 non
1117 2605 1235 2685 saepius

204 2709 426 2786 deprehendere
449 2709 528 2770 licet.
561 2711 598 2769 In
621 2709 817 2790 sequentibus
839 2715 939 2771 autem
961 2719 1102 2788 eruntque
1125 2719 1157 2768 ul
1174 2713 1234 2771 suis

201 2811 332 2891 fortunis
363 2830 394 2888 p.
423 2831 450 2870 r.
484 2812 597 2889 qnout)
628 2812 696 2871 leue
725 2814 824 2870 meriti
850 2820 945 2870 essent
972 2812 1113 2870 auxilium
1140 2811 1235 2885 ferret

203 2914 286 2974 facili
318 2914 482 2975 mutatione
512 2934 550 2974 ex
580 2912 746 2989 Kiesslingi
775 2911 984 2974 emendatione
1015 2912 1233 2974 restituendum

204 3022 266 3077 est:
290 3027 323 3076 ut
341 3020 402 3077 suis
416 3016 551 3096 fortunis
570 3018 698 3095 populus
719 3018 763 3088 a,
788 3035 842 3094 quo
865 3014 898 3074 de
921 3013 989 3074 bene
1011 3016 1107 3073 meriti
1126 3026 1230 3075 essent.

291 3120 374 3197 77,3
398 3124 494 3200 itaque
515 3118 671 3202 [eurulis]
693 3123 784 3199 copiis
807 3117 866 3201 [et]
888 3119 1015 3180 omullus
1038 3118 1232 3201 [legionibus]

203 3225 323 3284 eductis.

289 3326 368 3392 Quid
390 3327 517 3405 scriptor
538 3328 571 3389 in
593 3325 691 3388 animo
713 3324 852 3389 habuerit
874 3325 983 3402 dicere,
1013 3347 1050 3388 ex
1072 3327 1130 3388 elio
1154 3347 1231 3387 com-

204 3432 342 3492 mentarii
377 3432 442 3492 loco
472 3431 641 3493 coniectura
669 3431 786 3512 assequi
815 3450 979 3509 possumus.
1029 3432 1106 3493 Nem
1137 3437 1187 3508 34,
1211 3438 1229 3491 6

203 3537 348 3596 secundus
371 3540 550 3598 commeatus
572 3535 621 3596 die
644 3538 749 3615 quarto
771 3534 802 3614 (i.
821 3554 846 3596 e.
869 3533 960 3596 celeri
974 3534 1094 3612 naviga
1110 3539 1229 3613 peracto

272 3789 296 3858 1)
315 3792 359 3841 eir.
378 3793 420 3852 09,
439 3796 470 3856 23
498 3793 539 3853 70,
559 3795 590 3852 2,
619 3794 707 3853 72,1;
736 3792 810 3852 sao
835 3790 982 3851 hymnarius
1005 3791 1081 3840 milen
1115 3793 1180 3841 Nam
1202 3797 1229 3840 nt

202 3883 336 3938 apparete
357 3882 398 3940 11,
416 3883 448 3941 33
476 3880 547 3938 10,1
568 3877 647 3940 polum
663 3877 745 3926 muno
763 3891 815 3939 eqs.
832 3890 895 3926 vooe
920 3877 1065 3926 militum
1089 3879 1228 3940 pedites

200 3968 288 4011 notare
304 3966 376 4014 solet.

270 4065 296 4134 2)
314 4067 379 4136 quod
396 4083 443 4119 om.
463 4084 488 4121 a.
518 4084 545 4131 p.
564 4083 584 4117 r.
603 4082 656 4121 mm
672 4068 748 4137 Nipp.
784 4082 837 4118 usu
853 4065 883 4118 de
894 4083 923 4133 p.
942 4082 963 4119 r.
981 4068 1022 4118 W.
