2872 4778
531 371 747 448 nio„

120 559 217 614 euiem
240 552 359 614 disertis
380 554 412 614 id
434 556 536 616 verbis
558 556 654 630 docet,
677 555 746 615 dnm
762 554 839 614 nihil
855 560 1017 615 mutemus:
1041 557 1150 615 Caesar

120 657 198 716 iubet
218 690 261 701 -
282 659 367 733 signa
390 656 422 734 (i.
439 676 465 717 e.
488 659 642 717 cohortes:
666 661 716 733 75,
734 663 770 732 53
794 658 844 728 77,
859 658 891 734 8)
906 677 936 716 se
952 660 1056 718 leniter
1071 662 1147 718 ordi-

119 762 210 819 natim
225 762 369 837 consequi.
406 761 482 819 Tum
497 761 613 819 demum
629 767 700 838 epte
716 765 787 821 sunl
801 761 957 820 sdverbie:
976 762 1148 821 ordinatim:

121 863 191 941 quie
213 863 313 922 hostes
335 881 428 939 prope
450 863 592 934 aderent3
616 865 739 922 innitere
761 883 799 923 ne
821 865 957 923 cohortes
974 882 1039 922 cum
1055 863 1149 924 hosii-

119 967 174 1024 bus
195 965 448 1040 congrederentur
470 971 629 1044 nntequem
652 966 766 1028 auxilio
789 985 806 1026 e
827 965 930 1026 cestris
953 966 1099 1025 adessent.

62 1056 64 1059 ’
206 1066 357 1126 Orationis
379 1073 479 1127 nutem
502 1068 687 1142 ambiguitas,
717 1089 776 1149 qne
798 1073 955 1144 tantopore
978 1073 1082 1144 ceptus
1104 1073 1149 1128 est

120 1168 185 1244 W„
214 1175 286 1228 nete
313 1173 360 1230 est
387 1169 474 1244 inde,
504 1172 582 1248 quod
611 1171 754 1247 scriptor,
786 1190 844 1250 que
865 1177 929 1230 eret
950 1171 1147 1246 neglegentis,

120 1279 279 1351 utrumque
309 1274 496 1333 enuntiatum
519 1276 675 1351 equitatum
697 1308 739 1318 -
762 1276 875 1333 arcessi
895 1279 925 1333 et
945 1276 1031 1350 si‘qqua
1055 1292 1148 1331 —se

119 1379 262 1453 consequi,
290 1394 468 1454 quemquem
490 1375 572 1436 inter
593 1397 625 1437 ss
647 1378 884 1453 appulissent,
907 1397 946 1437 ex
965 1395 1060 1455 eeqno
1078 1394 1147 1435 oon·

119 1478 219 1536 iunxit
248 1478 395 1554 particule
423 1488 516 1556 atque,
547 1479 580 1538 id
607 1480 686 1558 qnod
708 1479 825 1558 saepius
847 1480 1008 1539 notandum
1031 1483 1086 1551 est,
1114 1482 1148 1536 ut

120 1585 169 1652 46,
192 1586 210 1640 8
244 1584 352 1640 tirones
380 1613 421 1625 -
449 1580 528 1639 subet
546 1615 590 1626 -
611 1584 763 1659 dispertiri
788 1591 818 1640 et
839 1583 995 1640 Cominium
1020 1616 1057 1625 -
1077 1600 1147 1657 pro·

119 1682 197 1740 libet
223 1683 338 1742 (adduci.
385 1689 434 1756 23,
458 1688 476 1742 3
507 1703 597 1762 neque
618 1693 719 1761 postea
743 1686 811 1743 litus
833 1686 942 1761 uragu,
975 1685 1148 1761 classemque

119 1818 162 1829 -
175 1788 327 1844 conuertit.
366 1791 394 1860 9,
411 1791 430 1843 2
452 1795 486 1844 ut
506 1788 610 1865 oppilio
633 1820 674 1832 —-
697 1807 732 1846 ne
755 1806 844 1846 uacua
865 1787 1042 1865 relinqueret
1058 1805 1147 1864 prae-

120 1889 250 1966 sidioque
261 1887 387 1964 firmata
409 1919 452 1932 -
474 1891 599 1948 muni‘ret
620 1908 681 1970 eqo.

208 1994 256 2064 18,
285 1995 298 2049 1
331 1991 426 2049 hostes
454 2023 498 2035 —
525 1994 615 2049 aciem
644 1993 782 2070 derigunt
812 1992 942 2051 mirabili
969 1993 1147 2068 longitudine

118 2112 175 2151 non
194 2095 331 2169 peditum,
357 2095 409 2152 sed
428 2096 551 2172 equitum
575 2091 774 2176 [consertam],
798 2105 827 2152 et
848 2098 924 2153 inim
942 2114 990 2153 eos
1005 2095 1147 2152 Numidas·

119 2228 159 2241 -
176 2198 410 2273 interposuerant
426 2205 455 2255 et
469 2199 511 2255 ita
527 2199 783 2268 condonaverant,
810 2207 840 2255 ut
859 2191 966 2274 procul
979 2198 1153 2255 Caesariani

118 2299 265 2375 pedestres
287 2302 385 2377 copias
407 2299 632 2359 arbitrarentur.

204 2401 254 2462 Ad
274 2403 348 2462 hseo
361 2402 428 2463 W.:
450 2402 619 2482 ‘consertam
642 2401 839 2480 suspicionem
862 2405 971 2474 movet,
994 2400 1064 2479 quis
1083 2401 1149 2461 ubi-

120 2525 178 2584 que
201 2523 266 2564 oum
288 2504 511 2566 instrumenteli
534 2505 727 2582 coniungitur
748 2526 808 2565 non
825 2525 891 2565 cum
907 2504 1056 2580 genetivo.
1093 2504 1146 2563 Sin

121 2613 219 2668 antem
246 2607 443 2685 appositionis
470 2608 535 2668 looo
563 2608 696 2669 additum
729 2629 793 2670 esse
825 2613 937 2669 statues
970 2606 1071 2687 (aciem
1100 2608 1148 2665 de-

121 2714 226 2788 rigunt
244 2722 273 2769 ct
294 2710 453 2790 consertam
475 2712 608 2790 qualium),
629 2712 661 2770 id
682 2712 781 2790 ipsum
802 2711 973 2792 insequenti
995 2710 1149 2770 enuntiato

122 2834 295 2891 expressum
325 2820 371 2876 est
402 2816 679 2892 (condensouorant).
729 2814 828 2878 Qnsre
860 2813 1068 2888 grammaticus
1098 2813 1148 2871 ed-

122 2918 232 2994 scriplo
263 2918 407 2978 vocabulo
428 2916 460 2976 id
483 2936 603 2977 monere
625 2917 722 2978 voluit
744 2917 835 2977 eciem
859 2918 1066 2976 condensatum
1089 2914 1148 2974 dici

123 3040 240 3101 quoque
276 3040 363 3097 posse
399 3016 580 3081 confertam?
636 3024 679 3082 At
715 3022 815 3080 hostes
847 3018 974 3095 primum
1007 3015 1148 3090 derigunt

121 3129 289 3202 equestrem
331 3123 425 3184 eciem
468 3122 598 3184 mirabili
635 3121 832 3198 longitndine.
891 3119 1007 3180 Deinde
1044 3123 1142 3178 eutem

122 3227 257 3306 quemvis
285 3226 361 3288 aciei
385 3226 540 3303 longitudo
563 3226 723 3286 solemnem
746 3227 865 3284 modum
887 3222 1052 3296 excederet,
1082 3220 1147 3281 fieri

121 3329 230 3405 potnit,
258 3336 293 3390 ut
313 3329 441 3390 altitudo
463 3329 539 3389 nihil
561 3330 686 3390 heberet
706 3328 830 3403 insoliti,
857 3328 888 3387 id
911 3333 957 3387 est
978 3331 1012 3387 ui
1033 3330 1148 3386 turmae

123 3431 241 3492 iuxta
263 3452 294 3493 se
316 3439 417 3495 essent
437 3434 597 3494 collocatae
612 3432 679 3511 (eir.
694 3437 779 3506 41‚e
802 3452 846 3492 cc
869 3433 1058 3491 instituto
1080 3449 1146 3486 suo

117 3538 215 3612 prima
247 3533 301 3619 [se
324 3534 402 3618 scie]
432 3538 561 3615 equestri
587 3539 789 3594 turmatim
820 3534 956 3612 derecta).
1006 3533 1063 3592 Sed
1093 3533 1148 3590 hoo

123 3659 241 3718 qnoque
267 3640 300 3700 in
329 3661 361 3701 re
383 3640 461 3700 ecies
483 3638 597 3718 aliquid
618 3638 733 3698 insoliti
755 3638 879 3701 hebuit:
910 3637 1001 3695 eciem
1025 3636 1148 3693 derexe-

121 3748 189 3802 rent
220 3745 464 3823 contentam,
496 3743 517 3803 i.
540 3762 566 3802 o.
599 3741 675 3801 alise
707 3747 799 3817 post
830 3740 904 3799 elios
935 3745 1049 3797 turmae
1078 3755 1147 3794 con-

121 3846 245 3908 stitutae
268 3852 362 3908 erent
395 3848 483 3908 Hanc
505 3844 656 3924 equitatus
679 3844 901 3903 collocationem
924 3841 1041 3917 saepius
1063 3858 1147 3898 usur·

121 3957 221 4030 petum
248 3970 322 4025 esse,
351 3949 489 4027 inprimis
510 3948 536 4007 si
559 3948 693 4028 equitum
715 3965 855 4006 numerus
876 3963 1053 4021 permagnus
1076 3948 1147 4012 eret,

122 4055 202 4136 quod
233 4055 289 4115 hoo
317 4054 382 4114 looo
412 4051 529 4127 eccidit,
563 4051 681 4112 Froehl.
704 4049 760 4128 (ΙΙ,
782 4069 848 4126 pag.
875 4047 947 4124 147)
974 4052 1055 4108 recte
1078 4065 1147 4107 oon·
