2872 4778
534 386 748 455 ..11-

124 561 364 639 exspeoterimus
384 561 581 635 inveniamus,
603 565 646 661 ut
653 582 687 620 eu
701 560 894 638 reperiemus,
917 580 1042 642 quornm
1057 561 1152 622 msior

123 684 193 742 pers
224 684 345 743 prorsus
376 663 462 738 nihil,
493 664 609 744 relique
632 684 691 725 non
715 669 830 726 tentum
852 665 961 738 velent,
993 670 1027 724 ut
1049 685 1151 726 omnes

123 768 191 829 illos
213 772 357 846 superent
378 767 579 828 dilfioultetes.

209 871 306 930 Affert
335 871 415 930 enim
444 871 640 946 Landgrofius
669 873 749 950 (pag.
773 869 923 947 38-87)
954 890 993 929 ex
1014 869 1151 946 epistulis

124 971 224 1034 Asinii
255 979 285 1033 et
313 973 448 1054 reliqniis
474 973 670 1053 quodraginta
691 976 754 1033 fere
776 973 920 1033 vocabulo
942 979 972 1032 et
994 973 1151 1032 verborum

124 1075 364 1154 compositiones,
386 1096 461 1156 quse
477 1075 590 1152 pariter
604 1075 800 1137 inveniuntur
815 1076 847 1134 in
862 1076 918 1135 hoo
932 1075 1151 1136 commentario.

124 1179 195 1256 Ipse
222 1186 320 1240 eutem
351 1199 404 1238 suo
425 1185 532 1255 sponte
555 1179 691 1240 concedit
712 1179 791 1257 (pag.
815 1177 867 1257 37)
891 1180 996 1238 horum
1018 1179 1151 1239 locorum

124 1283 244 1342 alterum
274 1286 388 1359 partem
417 1302 478 1342 non
508 1283 634 1343 multum
664 1282 773 1344 rulers.
817 1284 860 1341 At
888 1280 1014 1359 reliquis
1036 1282 1151 1341 duobus

126 1391 156 1445 et
177 1385 288 1461 viginti
312 1405 454 1445 summam
479 1384 586 1446 tribuit
607 1384 669 1444 vim
691 1384 958 1445 etauctoritatem.
1004 1383 1063 1446 Qui
1085 1404 1151 1444 oum

125 1489 288 1564 praebeant
303 1487 403 1548 Asinii
425 1486 570 1547 sermonis
587 1486 746 1564 speoimen,
768 1485 898 1547 dubitari
913 1506 973 1545 non
990 1485 1049 1545 iem
1065 1506 1151 1562 posse

124 1591 285 1664 contendit,
310 1590 382 1670 quin
405 1589 528 1649 Asinius
549 1596 651 1650 uuotor
671 1589 714 1650 sit
735 1588 948 1650 commentarii.

209 1694 267 1752 Sed
290 1714 326 1752 ex
350 1693 397 1753 his
420 1712 539 1773 quoque
560 1692 635 1752 locis
658 1690 795 1752 nonnulli
811 1691 963 1751 eximendi
978 1695 1057 1764 sunt,
1081 1690 1153 1770 quis

124 1802 174 1856 sut
197 1804 299 1857 oontre
322 1795 454 1856 oodioum
477 1797 566 1857 fidem
589 1794 696 1855 mutsti
719 1799 771 1855 eut
793 1794 867 1855 iolse
887 1793 952 1855 neti
973 1800 1043 1854 sunt
1058 1793 1152 1855 inter·

123 1898 300 1976 pretatione.

209 2003 362 2077 Leguntur
385 2001 464 2061 enim
488 2007 538 2077 21,
562 2006 576 2060 l
600 2003 693 2062 hseo:

209 2108 302 2182 Opera
325 2107 437 2163 tulerim
461 2108 520 2181 ipsc
543 2104 648 2163 cotidie
669 2105 794 2162 circur'rc
809 2111 837 2159 et
851 2103 963 2162 ulturus
977 2103 1004 2182 ¹)
1022 2104 1152 2162 cohortes

123 2210 151 2266 iu
175 2210 300 2266 stelione
321 2208 427 2266 iubere
446 2218 567 2285 propter
589 2208 712 2266 hostium
736 2204 953 2263 inultitudiucm.

209 2311 300 2370 Porro
318 2315 366 2382 81,
386 2315 421 2370 1;
444 2309 603 2388 praeclusi)
625 2311 748 2386 legionis
772 2311 801 2365 iu
824 2317 927 2384 quarta
952 2311 1015 2366 uce'e
1034 2310 1152 2385 adipso

121 2434 231 2472 cornua
255 2417 352 2492 qsu‘uis
375 2414 540 2472 cohortibus
563 2422 664 2472 contro
689 2413 795 2471 bestius
818 2411 987 2470 conlocatis.

209 2517 264 2576 His
294 2516 368 2576 loois
398 2536 540 2592 eppurere
567 2516 641 2576 dicit
663 2514 869 2577 commentarii
892 2521 1041 2576 auctorem
1064 2515 1153 2591 plene

122 2622 224 2680 eodem
248 2622 333 2680 modo
357 2640 414 2698 quo
436 2619 559 2679 Asinius
572 2619 602 2699 ³)
624 2619 817 2680 distributive
838 2638 982 2698 usurpare
1003 2619 1069 2679 looo
1091 2639 1153 2679 our·

123 2723 278 2783 dinslium.
960 2731 964 2735 ’

209 2826 267 2885 Sed
282 2826 328 2886 W.
348 2826 480 2902 perbene
501 2825 653 2885 intellexit
674 2825 726 2886 illo
749 2827 813 2888 looo
840 2826 1040 2886 coniecturum
1054 2824 1154 2901 Lipsii

124 2928 229 2989 fulsum
254 2949 317 2989 esse
340 2948 488 3008 manuque
512 2927 683 2988 felicissimo
706 2930 864 3004 genuinum
880 2928 1012 2988 restituit
1026 2927 1153 3005 scriptu-

124 3052 188 3093 rum
219 3032 360 3090 alternus.
406 3033 511 3092 Altero
544 3038 642 3091 eutem
672 3032 736 3092 looo
767 3051 825 3092 uon
854 3031 987 3110 quinque
1017 3033 1154 3092 cohortes

122 3135 154 3194 in
187 3141 314 3213 utroque
344 3154 436 3194 oornu
466 3135 666 3212 disponuntur
696 3134 729 3213 (i.
757 3155 782 3195 e.
813 3137 888 3194 duee
918 3141 949 3195 et
976 3132 1099 3192 dimidie
1120 3133 1154 3192 in

124 3240 230 3298 dextro
253 3237 436 3316 totidemque
457 3239 488 3296 iu
504 3258 595 3297 cornu
611 3237 754 3317 sinistro),
777 3240 837 3310 sed,
859 3240 938 3316 quod
953 3235 1154 3313 ffipperdoius

123 3343 180 3400 iem
203 3341 342 3417 exposuit
363 3360 429 3417 psg.
446 3345 518 3414 221,
541 3340 707 3400 dimidie
729 3340 838 3416 legio
861 3341 897 3399 sd
921 3341 1070 3414 dextrum,
1092 3338 1152 3399 di·

123 3442 246 3503 midie
268 3445 304 3503 ed
327 3443 491 3504 sinistrum.

210 3547 326 3607 Deinde
349 3545 472 3605 Asinius
501 3547 533 3605 iu
563 3545 691 3622 epistula
715 3552 763 3618 32,
787 3550 805 3605 5
830 3565 1046 3620 cognomen
1069 3550 1152 3606 onte·

124 3649 224 3728 posuit
256 3650 483 3725 gentilicio
518 3650 619 3708 Gallus
653 3650 812 3708 Cornelius.
867 3648 1000 3709 Eundem
1033 3667 1153 3725 prorsus

125 3805 330 3816 -ι----

194 3907 220 3973 1)
237 3909 350 3956 adortus
369 3910 398 3956 A.
416 3908 453 3956 od
468 3915 549 3956 armos
568 3907 667 3969 Lipsius
686 3912 710 3955 et
729 3907 784 3954 edd.

194 3999 210 4044 2
276 3995 282 4005 “
312 4008 342 4042 us
358 3994 387 4042 0.
429 4025 431 4029 -

194 3997 221 4149 ΒΞ
240 4010 328 4143 dimid
346 4083 404 4129 lum.
423 4082 454 4139 X,
474 4083 515 4140 33,
535 4085 549 4130 3
569 4079 631 4128 uiuo
648 4078 783 4129 sucurre
799 4099 833 4122 -
851 4077 943 4127 duobus
959 4075 1102 4126 Marii.
