2872 4778
608 311 822 377 ..86-

198 486 251 546 cir.
281 487 436 562 praeterea
464 485 561 545 locum
590 484 659 544 bell.
681 484 771 545 Alex.
799 481 983 543 simillimum
1009 488 1059 558 60,
1084 487 1104 542 4
1132 483 1232 562 Itaque

199 589 383 668 (Marcellus)
405 590 504 667 copias
526 589 663 647 reducere
684 589 785 665 eoepit.
833 587 952 646 Cassius
973 585 1131 662 adgressus
1153 591 1231 664 equi-

199 701 262 750 tatu
284 692 461 769 legionarios
482 711 513 750 se
534 693 704 768 recipientes
726 691 886 768 complures
899 691 1068 748 nousssiums
1082 722 1126 734 -
1141 691 1232 748 iater-

191 795 282 875 sees‘t.
319 793 549 855 Animadvertas
570 797 690 871 praeter
710 793 768 854 looi
788 792 1013 854 similitudinem
1036 810 1137 852 curam
1161 811 1232 872 quo

200 917 258 977 que
279 896 361 957 illius
382 895 545 974 scriptoris,
569 895 620 976 qui
641 901 676 956 ut
696 895 866 970 languidam
885 895 1012 955 evitaret
1026 894 1171 954 sermonis
1185 914 1231 955 re·

200 999 385 1079 petitionem,
406 998 572 1075 recipiendi
595 999 772 1059 vocabulum
794 998 894 1075 priore
916 997 980 1058 loco
999 996 1131 1057 mutavit
1144 999 1231 1058 radu-

200 1103 287 1165 cendi
318 1103 419 1164 verbo.
472 1102 531 1162 Hic
564 1106 662 1162 autem
694 1100 918 1178 compositionis
951 1100 1128 1161 varietatem
1158 1103 1231 1161 adeo

200 1205 342 1282 neglegit,
371 1209 406 1265 nt
432 1205 511 1264 idem
539 1204 706 1281 recipiendi
735 1206 860 1265 verbum
889 1203 969 1264 inter
995 1223 1106 1281 paucos
1128 1222 1232 1264 versus

201 1313 306 1391 quator
336 1307 400 1385 (17,
426 1313 461 1384 13
491 1313 527 1384 23
563 1312 612 1383 ts,
636 1314 655 1368 2
679 1307 751 1387 (bis)
779 1306 978 1384 usurpaverit.
1022 1308 1075 1366 cfr.
1098 1325 1167 1384 pag.
1192 1312 1230 1365 33

200 1415 267 1474 adn.
292 1419 320 1472 3.

289 1520 336 1590 18,
359 1520 379 1575 4
411 1516 602 1592 Caesarisque
630 1515 738 1592 equites
767 1515 892 1572 iumenta
920 1533 958 1572 ea
983 1515 1087 1572 nausti
1109 1515 1229 1584 receati,

201 1651 242 1663 —
265 1615 443 1700 [paucitate]
465 1616 631 1676 uulneratus
653 1616 830 1694 defatigata.

282 1723 441 1797 paucitatis
474 1721 653 1782 vocabulum
684 1719 762 1779 nihil
791 1739 863 1781 sane
893 1720 1017 1796 praebet
1046 1716 1231 1780 offensionis.

201 1823 277 1883 Nem
301 1842 359 1901 quo
381 1823 479 1882 minor
500 1826 546 1882 est
567 1822 697 1884 militum
719 1842 869 1897 uumerus,
901 1842 935 1882 so
958 1821 1088 1898 gravius,
1109 1821 1137 1882 si
1160 1823 1234 1901 quid

201 1924 415 2002 perficiendum
438 1931 484 1986 est
504 1924 628 2001 negotii,
651 1925 698 1985 his
720 1924 823 2002 paucis
845 1930 892 1986 ost
913 1924 1077 1998 nitendum,
1099 1944 1167 1984 cum
1186 1945 1234 1986 re-

202 2034 302 2090 centes
324 2029 458 2091 submitti
481 2049 542 2090 non
564 2029 688 2106 possint.
732 2031 839 2108 Ithue
860 2027 1078 2106 paucitate
1100 2029 1234 2105 perbene

200 2137 326 2210 possunt
350 2132 507 2209 defatigari
523 2131 702 2195 (lassariani.
731 2133 783 2193 cfr.
800 2137 955 2209 praeterea
969 2132 1006 2191 ud
1025 2135 1073 2206 lb,
1089 2137 1108 2190 2
1123 2134 1234 2210 equites

199 2240 322 2314 parret
343 2239 599 2297 multitudine
620 2236 744 2294 dostram
766 2237 928 2316 defessi.

290 2343 338 2412 19,
369 2345 381 2398 l
417 2341 484 2400 Hoc
516 2344 606 2417 caput
637 2338 769 2399 omnium
801 2339 924 2401 videtur
958 2358 1023 2399 asae
1055 2339 1235 2417 corruptelis

202 2441 447 2502 turbatissimum.
491 2443 582 2506 Velut
603 2441 704 2502 statim
725 2440 813 2502 initio
835 2441 951 2502 codices
973 2441 1118 2502 exhibent
1139 2441 1232 2502 haam

288 2564 326 2602 er
347 2543 523 2602 adversaries
540 2544 686 2624 perfugae
704 2545 808 2622 piures
828 2563 865 2605 es
880 2547 1075 2623 orans'geuere
1090 2547 1233 2604 tumetum

202 2655 233 2704 et
254 2654 408 2723 praeterea
431 2648 585 2724 t'ntercepti
603 2649 728 2706 hostium
750 2648 912 2726 eoraplures
932 2650 1040 2726 equites
1059 2648 1231 2726 peditesque.

289 2749 354 2809 Hac
375 2749 407 2808 in
431 2749 581 2812 sententia
601 2750 738 2811 nonnulli
754 2751 943 2813 offenderunt
957 2750 1054 2812 critici
1068 2755 1233 2828 praeeunte

204 2853 310 2926 Gudio,
341 2852 392 2933 qui
416 2852 583 2914 coniecerat
601 2853 760 2932 perfugere
777 2855 879 2933 plures
900 2886 952 2928 —,
984 2856 1064 2934 quod
1084 2854 1231 2928 homines,

204 2957 260 3037 qui
283 2956 317 3017 in
339 2955 472 3017 Oaamris
500 2962 595 3018 cestra
623 2958 823 3034 perfugerent,
854 2977 914 3018 non
943 2961 1066 3034 possent
1087 2977 1104 3017 a
1126 2957 1230 3018 Gaesa-

203 3059 296 3120 rianis
325 3058 475 3136 intercipi.
520 3059 578 3120 Sed
605 3060 688 3120 nulla
716 3058 837 3121 videtur
867 3079 941 3139 opus
964 3078 1027 3120 esse
1049 3060 1232 3121 mutatione:

204 3161 373 3222 invenimus
402 3163 545 3222 hocloco
567 3167 754 3237 structurum,
786 3183 872 3242 quam
895 3182 1019 3239 zeugma
1040 3167 1159 3237 vocant,
1190 3161 1233 3222 its

204 3271 240 3324 nt
269 3264 398 3341 scriptor
427 3265 487 3325 alio
519 3265 564 3326 uti
598 3266 743 3326 vocabulo
773 3266 808 3324 iu
838 3265 936 3326 animo
966 3265 1105 3327 habuerit
1136 3265 1233 3344 (velut

78 3437 81 3440 .
206 3401 246 3411 -
269 3368 299 3425 ia
321 3376 420 3425 casua
441 3368 573 3447 aceeptt),
595 3371 676 3448 quod
698 3368 805 3430 deinde
826 3369 955 3430 militum
975 3370 1099 3431 notione
1112 3369 1233 3430 inducta

205 3469 334 3531 mutavit
354 3469 566 3547 intercipiendi
586 3474 688 3534 verbo.
727 3473 794 3533 Alia
809 3472 973 3547 zeugmatis
988 3473 1126 3551 exempla
1139 3472 1232 3532 habes

206 3578 256 3648 40,
282 3577 298 3631 5
328 3575 421 3651 copiis
448 3593 549 3652 campo
577 3575 754 3655 collibusque
775 3575 939 3636 exturbatis
969 3577 1036 3654 (pro
1059 3594 1159 3654 eampo
1181 3593 1233 3632 es·

206 3675 332 3737 turbatis
361 3677 482 3737 collitus
510 3677 670 3738 deturbatos
692 3683 726 3739 ut
748 3683 798 3753 39,
821 3682 871 3758 2),
902 3683 953 3754 44,
976 3684 994 3738 3
1025 3681 1113 3738 uitare
1135 3686 1166 3735 et
1182 3695 1234 3754 pe·

205 3783 318 3839 cuniam
348 3783 456 3864 donare
485 3781 552 3858 (pro
584 3783 669 3841 ustam
699 3783 854 3840 concedere
879 3790 908 3840 et
924 3785 1080 3860 pecuniam
1100 3779 1233 3858 donare).

206 3883 365 3945 Praeterea
397 3884 615 3946 animadvertas
645 3884 678 3944 in
707 3884 799 3945 simili
828 3889 977 3948 structura
1006 3887 1131 3948 verbum
1160 3882 1234 3942 item

208 3986 358 4060 pertinere
390 3990 428 4048 ad
459 3994 619 4070 utrumque
653 3987 802 4049 enuntiati
835 3991 1016 4065 membrum,
1053 4003 1234 4068 quamquam
