2872 4778
609 382 822 456 -81*

200 563 327 624 Labieni
359 563 476 643 equites
498 564 690 625 (iaeserisnos
716 583 839 624 numero
861 563 1022 624 interiores
1043 570 1074 625 et
1095 564 1176 642 ipsos
1199 585 1230 626 se

202 667 363 726 extendere
395 672 565 743 coegerunt.
615 665 704 729 Quod
735 672 834 727 temen
867 667 951 727 nullo
982 668 1119 744 exemplo
1153 688 1231 729 com·

199 771 319 846 probari
341 773 450 849 potest.
488 768 704 829 Grammaticus
725 775 823 830 eutem
844 769 944 829 Asinii
965 773 1057 831 verbe
1078 772 1232 830 estendere

204 906 240 916 -
264 890 320 948 que
340 891 447 949 -que
467 877 580 933 temere
601 873 738 933 turbavit
758 875 873 933 duobus
894 873 1055 934 infinitivis
1077 874 1182 952 copule
1203 884 1233 933 et

122 1041 124 1044 Α
199 971 345 1034 insertis':
367 974 410 1034 sic
425 975 473 1035 W.
496 980 528 1034 ct
548 974 629 1035 idem
655 976 839 1036 extenuendi
853 979 979 1037 verbum
993 995 1114 1052 prorsus
1129 977 1231 1036 eedem

201 1076 419 1152 significatione
445 1077 500 1154 (=
521 1080 551 1136 in
574 1078 780 1155 longitudinem
803 1079 949 1157 diducere)
981 1078 1110 1139 occurrit
1139 1083 1188 1153 59,
1212 1085 1230 1138 2

201 1181 342 1239 Numidas
371 1182 414 1239 ita
443 1189 613 1240 extenuatas
642 1190 673 1239 et
701 1183 732 1240 in
763 1182 973 1258 longitudinem
1002 1182 1138 1254 derectos,
1173 1201 1232 1263 quo

202 1283 322 1362 quidem
352 1284 419 1343 loeo
445 1283 493 1343 W.
522 1293 552 1342 et
577 1316 611 1328 -
636 1284 762 1342 directos
789 1283 876 1344 uncis
906 1283 981 1344 item
1010 1284 1132 1362 saepsit.
1174 1284 1233 1344 Sed

202 1386 255 1447 cfr.
278 1386 349 1447 Ssll.
371 1387 439 1462 Ing.
461 1392 511 1460 49,
534 1390 549 1445 l
574 1404 603 1445 m
626 1406 658 1444 ee
681 1386 755 1445 colle
776 1387 920 1463 Iugurtha
941 1397 1095 1446 eetennata
1116 1406 1232 1446 suerum

203 1493 269 1549 acie
289 1489 419 1548 consedit
440 1494 471 1549 et
490 1489 557 1551 Liv.
580 1490 616 1563 V,
641 1492 724 1563 38,1
749 1491 898 1548 instruunt
919 1492 1008 1548 aciem
1031 1489 1232 1549 diductam

203 1596 233 1652 in
271 1612 381 1651 cornua
417 1612 453 1651 ne
492 1593 699 1651 circumueniri
732 1593 915 1650 multitudine
951 1591 1073 1651 testium
1103 1603 1231 1670 possent.

202 1715 291 1774 neque
320 1704 412 1754 tamen
439 1698 562 1772 aequari
579 1695 700 1776 frontes
717 1704 865 1772 poterant,
897 1714 961 1753 eum
983 1696 1232 1754 extenuando

202 1797 346 1874 infirmam
367 1808 396 1857 et
425 1801 492 1857 uir
521 1799 796 1858 cohaerentem
825 1799 946 1857 rudiam
969 1800 1061 1857 aciem
1083 1797 1231 1858 haberent.

290 1901 398 1962 Deleto
421 1901 530 1961 deinde
551 1903 607 1960 hoc
629 1902 785 1962 enuntiato
808 1903 849 1982 (et
862 1935 904 1945 -
921 1904 1093 1981 extenuare)
1113 1901 1234 1961 omuino

205 2004 283 2063 nihil
314 2005 351 2064 de
382 2004 514 2064 (iusseris
546 2003 699 2084 equitibus
732 2004 765 2062 in
799 2010 926 2083 utroque
959 2023 1051 2064 cornu
1082 2002 1234 2081 dispositis

207 2108 386 2167 referretur:
409 2126 506 2186 neque
526 2107 606 2166 enim
622 2106 827 2185 comperimus,
851 2105 951 2166 sintne
966 2105 1064 2167 consti
1078 2104 1233 2184 impedire,

204 2229 242 2269 ne
274 2209 405 2269 bostium
438 2209 589 2288 equitatus
621 2209 701 2286 ipsos
732 2209 900 2282 circumest,
933 2210 1013 2288 quod
1046 2207 1153 2268 Caesar
1179 2208 1235 2266 im·

204 2317 362 2390 percueret
382 2312 448 2392 (13,
470 2313 502 2391 2)
533 2321 566 2371 ut
591 2311 789 2389 providerent,
822 2332 857 2370 ne
885 2311 922 2369 ab
944 2312 1067 2369 instrum
1089 2312 1235 2388 equitatus

203 2415 385 2475 multitudiue
413 2418 648 2474 circumirentur.
695 2416 909 2493 Exspectemus
940 2414 1033 2490 igitur
1059 2414 1236 2491 scriptorem

203 2538 255 2579 suo
277 2519 343 2578 loco
366 2518 524 2579 allaturum
545 2537 619 2591 esse,
642 2518 788 2597 quomodo
811 2517 1000 2594 providerint
1013 2518 1084 2577 huic
1099 2516 1232 2594 periculo

203 2620 375 2681 Oeeserinui
404 2621 530 2701 equites.
576 2620 833 2682 Circumeuutibns
861 2625 960 2684 eutem
981 2621 1118 2682 hostibus
1140 2622 1234 2681 solum

205 2743 361 2786 occurrere
383 2728 546 2801 potuerunt
567 2724 629 2783 scie
653 2725 843 2784 extenuanda
856 2724 924 2804 (cir.
936 2725 1036 2786 locum
1051 2723 1234 2802 Livieuum).

291 2831 340 2901 14,
364 2831 447 2886 2-3
477 2827 571 2886 subita
599 2847 637 2885 ec
664 2828 814 2886 condensis
837 2830 939 2886 turmis
957 2827 1068 2904 pedites
1090 2828 1235 2885 Numidae

204 2964 246 2976 -
269 2928 345 3012 [eum
366 2927 523 3012 equitibus]
542 2939 726 3008 procurrunt
745 2939 774 2988 et
797 2932 874 2988 inter
896 2931 1075 3005 legionarios
1097 2925 1234 3010 [pedites]

208 3068 243 3079 -
268 3034 365 3093 euentu
388 3035 544 3093 coniciunt.

289 3137 337 3198 W.
366 3135 458 3196 tecite
485 3135 570 3197 uncis
600 3136 722 3196 inclusit
751 3153 814 3192 eum
843 3133 999 3212 equitibus.
1046 3137 1089 3193 At
1114 3132 1233 3212 equites

204 3259 264 3298 une
285 3258 353 3298 cum
375 3238 437 3299 suis
459 3238 610 3318 peditibus
632 3237 852 3315 procucurrisse
873 3240 957 3316 petet
979 3236 1233 3315 exsequentibus

205 3342 321 3400 illorum
356 3343 464 3419 equites
493 3340 697 3419 refugiebant
724 3345 755 3400 et
782 3341 847 3399 dum
876 3342 984 3417 equites
1014 3359 1117 3399 rursus
1146 3359 1233 3398 curru

204 3453 342 3504 renouato
370 3478 412 3488 -
441 3455 652 3504 succurrerent.
709 3443 785 3503 Nem
818 3443 844 3503 si
875 3464 940 3504 cum
971 3443 1122 3520 peditibus
1155 3462 1232 3502 nou

204 3547 469 3626 procucurrissent,
491 3567 544 3607 cur
565 3549 763 3622 refugerent,
784 3567 845 3607 non
867 3547 1006 3627 liqueret.

291 3651 336 3709 De
357 3650 558 3711 udditemento
578 3649 697 3728 pedites,
720 3650 800 3728 quod
822 3648 1050 3725 Oudendorpius
1072 3646 1232 3708 delendum

205 3752 328 3824 censuit,
350 3754 404 3814 cfr.
426 3753 465 3812 cd
487 3752 537 3828 75,
562 3757 588 3812 5.

295 3859 341 3930 15,
372 3861 391 3914 2
425 3857 569 3933 equitatur
601 3857 716 3914 interim
749 3853 872 3912 Labieni
900 3871 1017 3911 suerum
1052 3851 1233 3911 multitudine

205 3957 330 4034 construe
353 3959 487 4018 Caesaris
512 3960 688 4035 paucitatem
719 3958 846 4016 circuire
868 3963 1008 4015 conatur:
1036 3957 1089 4032 qui
1110 3951 1232 4034 [equites

203 4057 328 4141 Iuliane]
369 4056 483 4142 [pauci]
528 4060 710 4118 multitudine
751 4058 874 4118 testium
910 4056 1018 4136 deseret
1051 4060 1130 4137 equis
1165 4077 1232 4118 eon·

1009 4157 1026 4212 6
