2872 4778
571 312 891 402 ...o-

265 498 316 567 39,
340 497 358 552 2
382 491 581 572 necesseque*
793 512 913 554 necesse

266 602 315 666 44,
340 601 357 652 3
381 600 461 655 certo
485 595 566 656 ecio*
791 601 872 655 certo
895 596 995 672 (cerno
1020 597 1054 670 l)

266 699 315 772 47,
339 703 357 756 3
380 697 423 757 ita
445 718 483 756 ex
505 696 627 758 Sicilial*
792 719 830 754 cx
852 697 955 756 Sicilia

265 803 315 874 47,
340 806 358 858 6
381 801 512 876 pendere
790 797 943 876 pendere*

264 903 315 977 47,
339 909 357 961 6
381 900 429 964 Vl
790 904 825 961 II

265 1010 315 1079 48,
341 1009 355 1064 1
381 1003 628 1086 elephantisque*
791 1003 958 1082 elephantis

265 1113 315 1180 48,
339 1113 356 1165 3
381 1105 498 1167 cuiuis*
791 1107 876 1168 cuiue

266 1214 315 1282 51,
339 1216 357 1268 6
380 1212 436 1270 eub
457 1208 563 1270 hoste*
791 1212 845 1269 sub
868 1211 968 1269 hostes

265 1317 344 1387 54,5
360 1316 504 1393 quantum
515 1311 764 1390 poteaoessem.
792 1316 934 1390 quantum
956 1316 1026 1387 peto
1048 1315 1151 1374 abesse

308 1420 452 1496 quantum
473 1419 571 1494 potest
585 1417 688 1475 abesse
707 1417 762 1476 HF.

307 1522 451 1599 quantum
474 1518 553 1595 petie
576 1519 678 1578 abesse
701 1520 727 1576 D

266 1623 314 1695 57,
340 1627 354 1681 1
381 1639 456 1700 quoe
792 1618 890 1698 quod*

265 1730 316 1798 60,
342 1728 354 1781 1
381 1721 499 1783 ordiar*
791 1721 945 1782 ordinaret

265 1831 315 1898 62,
340 1831 353 1884 1
380 1825 441 1883 VII
464 1830 495 1884 et
516 1824 595 1886 VIII
790 1822 853 1886 VII
875 1829 906 1885 et
928 1825 1022 1884 v1111

266 1934 315 2002 62,
339 1933 358 1986 8
380 1946 413 1987 re
434 1924 574 2002 longiusl
791 1925 910 2002 longine

264 2037 314 2105 64,
338 2036 356 2088 2
378 2027 518 2107 ἰςιιονὶ41
790 2027 944 2104 ignoravit

265 2133 314 2208 78,
339 2140 356 2193 8
380 2152 474 2213 neque
792 2133 946 2210 usquead

265 2242 314 2311 81,
340 2242 354 2297 1
379 2255 489 2296 cornua
511 2233 632 2313 quinis*
792 2253 901 2294 cornua
922 2234 1062 2314 equinis

264 2345 315 2413 83,
338 2346 356 2399 2
378 2335 571 2418 frequentes*
793 2338 967 2416 frequenter

264 2447 315 2516 93,
339 2447 357 2499 2
380 2442 413 2500 in
433 2437 564 2499 itinere*
792 2439 899 2499 itinere

264 2543 314 2617 97,
338 2548 356 2602 2
380 2539 541 2602 conventui
563 2539 685 2601 eorum*
791 2541 953 2602 conventui

349 2696 397 2754 Ex
418 2692 466 2753 hie
489 2693 633 2772 exemplis
655 2694 798 2773 sequitur,
827 2698 861 2755 ut
882 2695 962 2756 LPV
984 2717 1023 2757 ex
1045 2697 1193 2756 communi
1216 2697 1293 2758 libro

265 2799 427 2876 archetypo
457 2796 606 2857 fluxerint
628 2796 680 2876 qui
703 2799 907 2874 apographum
929 2797 989 2858 fuit
1010 2799 1081 2859 libri
1103 2821 1122 2857 α
1145 2819 1294 2878 quemque

263 2900 420 2962 brevitatis
452 2920 539 2960 cauea
567 2901 583 2957 l
611 2898 779 2973 nominabo,
811 2921 877 2960 cum
899 2904 927 2960 Δ
956 2901 1077 2978 propria
1106 2901 1293 2962 derivatione

263 3003 443 3066 vestustiere
465 3007 599 3081 tempore
615 3023 654 3062 ex
669 3024 688 3060 α
704 3004 847 3063 deductus
865 3001 912 3063 sit.
945 3003 1004 3062 Sed
1019 3005 1139 3081 longius
1153 3006 1293 3083 progredi

262 3107 350 3168 licet:
380 3108 407 3169 V
430 3126 548 3187 quoque
570 3105 720 3183 propriam
744 3105 802 3165 eibi
824 3105 958 3168 vindicat
979 3113 1010 3167 et
1032 3107 1180 3168 diversam
1202 3129 1220 3167 a
1242 3109 1293 3167 LP

264 3209 419 3286 originem,
440 3210 485 3269 ita
507 3215 541 3269 ut
563 3229 602 3268 ex
623 3211 639 3267 7.
661 3209 734 3268 duee
757 3208 873 3269 oodioee
895 3209 1060 3286 descriptos
1082 3230 1146 3270 esee
1161 3215 1294 3270 statuen-

263 3313 333 3371 dum
356 3311 404 3386 eit,
427 3331 553 3390 quorum
576 3311 651 3371 alter
673 3333 692 3369 υ
714 3313 781 3370 fons
802 3310 860 3369 fuit
875 3310 1124 3387 vindobonensia,
1148 3332 1186 3372 ex
1201 3314 1293 3373 altero

263 3435 286 3472 π
312 3418 470 3475 manarunt
492 3414 552 3474 LP.
596 3418 696 3493 Atque
727 3435 746 3471 υ
777 3413 926 3489 propioris
957 3414 1143 3489 cognationis
1172 3415 1293 3478 vinculo

262 3537 329 3577 cum
365 3519 527 3595 archetypo
563 3515 634 3575 libri
669 3518 693 3573 Α
727 3516 915 3575 coniunctum
953 3516 1045 3576 fuisse
1078 3520 1151 3578 haec
1186 3519 1295 3578 decent

262 3621 422 3697 exempla:

489 3757 544 3818 AV
1018 3759 1068 3816 LP

263 3881 291 3950 5,
318 3883 331 3936 l
356 3877 388 3936 in
412 3896 447 3936 ea
469 3873 521 3935 re*
791 3875 822 3933 in
844 3894 879 3933 ca

264 3980 291 4055 7,
318 3984 330 4037 l
357 3977 555 4056 pollicenturt
791 3976 1003 4053 pollicerentur
