2872 4778
600 343 834 414 -124-

202 525 340 586 simililer
370 525 523 597 sehabet,
552 521 743 601 participium
766 523 814 584 vel
836 522 958 582 verbum
980 520 1098 582 finitum
1120 523 1231 584 addere

201 629 308 689 solitus
331 630 384 688 est.
428 627 482 687 cir.
506 626 585 686 enim
609 626 636 699 7,
662 631 676 685 l
702 628 767 684 inde
791 627 876 684 movit
897 634 925 682 et
944 627 1085 702 peruenit.
1138 632 1188 700 23,
1214 631 1228 686 l

199 729 347 811 projectus
370 729 507 789 stillico
530 763 571 774 —
593 738 637 787 est
658 731 817 805 ingressus.
855 733 939 803 25,3
964 729 1030 786 iiiiie
1051 748 1232 808 progressus

203 852 309 893 nesure
338 853 395 892 non
418 835 537 892 destitit.
583 833 668 892 Idem
692 832 741 904 76,
765 838 801 906 2;
834 837 883 905 68,
907 839 943 906 2;
977 837 1025 905 88,
1050 831 1066 891 7
1078 854 1086 905 ;
1123 836 1169 905 10,
1199 837 1233 906 ¹3

203 941 308 1010 25,1;
337 936 1230 1011 48,1392,2;87,8;89,3;97,1;6,1;62,5;

202 1041 253 1114 79,
280 1045 312 1114 ¹3
347 1044 395 1113 89,
421 1044 447 1099 l.
498 1042 633 1116 Apparet
662 1038 734 1099 hino
769 1058 887 1118 quoque
919 1037 1040 1098 defendi
1073 1038 1232 1117 archetypi

201 1143 376 1220 scripturam
401 1147 482 1216 62,1
509 1141 552 1200 ob
579 1144 688 1202 tltico
708 1161 883 1219 progressus
896 1142 1084 1199 Adrunietuni
1101 1175 1144 1184 -
1163 1161 1233 1219 per-

203 1248 289 1304 oeni't.
336 1246 388 1305 cir.
412 1246 449 1305 ad
470 1246 552 1306 hunc
573 1246 672 1306 locum
694 1265 761 1322 pag.
789 1249 858 1304 112.

290 1349 340 1424 87,
363 1353 382 1408 4
406 1357 438 1408 ut
458 1350 515 1431 [eis
538 1346 712 1429 intersectis]
735 1368 830 1408 coruin
851 1350 980 1425 pernicie
1002 1347 1126 1406 dotorem
1150 1368 1231 1407 suurn

203 1454 421 1512 cilcitcerentur.

287 1558 370 1617 Haec
403 1556 497 1617 oratio
529 1556 671 1633 languida
700 1556 771 1615 inde
800 1560 870 1616 nata
899 1560 960 1629 est,
994 1555 1074 1634 quod
1104 1561 1233 1635 uterque

202 1659 350 1720 ablativus
382 1679 420 1719 ex
450 1680 545 1739 aequo
577 1659 752 1721 coniunctus
780 1662 834 1734 est,
867 1680 932 1719 cum
956 1659 1140 1720 alteralteri
1163 1663 1233 1721 sub·

201 1764 370 1838 iungendus
399 1762 507 1823 fuerit:
540 1763 671 1823 dolorem
701 1763 779 1822 enim
793 1761 988 1823 ‘ulciscuntur
1010 1761 1142 1822 hostium
1164 1783 1232 1841 per-

201 1865 290 1939 uicie,
320 1886 396 1946 quoe
426 1865 470 1925 eis
498 1865 665 1927 interfectis
697 1870 945 1933 consummatur„
969 1866 1101 1926 Eandem
1131 1871 1230 1927 autem

201 1969 358 2049 parataxin
380 1967 551 2029 invenimus
574 1975 623 2043 88,
641 1977 658 2029 6
682 1981 835 2029 conuocato
855 1971 963 2047 populo
985 1972 1115 2028 contione
1130 1970 1231 2029 lectito

202 2074 257 2153 (=
280 2077 451 2147 convocato,
474 2077 508 2133 ut
530 2072 699 2133 contionem
721 2073 852 2146 haberet,
875 2073 1016 2151 populo);
1041 2077 1090 2146 88,
1113 2079 1131 2131 3
1155 2073 1232 2153 [sine

200 2173 378 2255 suspicione]
409 2178 488 2234 uultu
511 2185 597 2255 etque
618 2196 745 2234 sermone
767 2195 821 2253 quo
844 2178 993 2253 superiore
1016 2186 1140 2253 ternpore
1163 2196 1231 2234 usus

198 2280 299 2358 fueret
326 2280 381 2358 (=
406 2279 471 2339 sine
500 2278 684 2356 suspicione,
715 2279 795 2357 quod
824 2281 926 2338 codem
949 2283 1012 2340 crat
1032 2279 1117 2340 vultu
1140 2284 1230 2359 atque

203 2402 345 2457 sermone,
369 2402 427 2462 quo
449 2382 653 2460 superioribus
676 2381 780 2442 diebus
801 2402 872 2442 usus
894 2382 1012 2461 fuerat),
1034 2381 1086 2442 ubi
1101 2384 1148 2443 W.
1165 2383 1229 2444 sine

200 2486 308 2545 idonea
330 2506 415 2545 causa
437 2485 554 2547 delevit
575 2488 636 2544 sine
651 2487 821 2562 suspiciens,
845 2486 923 2565 quod
945 2485 977 2546 vi
994 2489 1169 2563 usurpatum
1184 2490 1230 2546 est

202 2587 329 2664 passiva,
346 2608 405 2667 qua
418 2587 529 2661 legitur
544 2589 623 2664 apud
635 2587 694 2647 (lic.
711 2607 766 2664 pro
779 2588 858 2649 Cael.
872 2592 908 2647 ll
928 2597 969 2647 tot
983 2608 1074 2647 onnes
1087 2589 1229 2668 (Caelius)

202 2698 332 2749 uersutus
354 2692 384 2748 i'n
405 2688 472 2766 soro
495 2691 558 2748 sine
578 2693 738 2767 suspicione
745 2712 753 2762 ;
776 2711 829 2768 pro
845 2691 946 2752 Plano.
963 2696 1002 2750 43
1026 2711 1107 2769 qrioin
1132 2691 1228 2770 (volu-

201 2793 325 2871 ptatem)
349 2793 400 2852 illc
421 2796 483 2853 sine
505 2793 565 2852 ullo
590 2793 758 2880 cupiditatis
780 2797 941 2873 suspicione
960 2814 1032 2872 proc
1053 2815 1083 2853 se
1097 2795 1175 2875 sert.

288 2901 372 2972 88,4
395 2899 528 2975 quicum
552 2899 647 2956 nni'ino
670 2896 791 2956 nonduin
815 2900 950 2976 cupiente
973 2899 1153 2970 concidisset,
1178 2892 1228 2981 (et)

201 3004 306 3078 i‘inpctu
320 3001 407 3081 sueto
429 3002 458 3059 in
474 3000 634 3061 cubiculum
649 2998 703 3080 [en
716 3001 891 3082 suspicione]
907 3001 1030 3061 medicus
1043 3000 1228 3080 familiares·

200 3124 255 3183 quc
276 3108 423 3164 continere
444 3138 486 3149 -
509 3106 668 3181 coepissent
689 3137 742 3162 -.

287 3227 324 3266 es
339 3209 502 3284 suspicione
524 3227 646 3285 prorsus
661 3210 706 3266 est
719 3206 928 3268 necessarium.
960 3210 1082 3287 Absque
1098 3227 1132 3267 eo
1148 3208 1227 3269 enim

200 3328 260 3369 non
293 3315 432 3390 apparet,
470 3331 523 3372 cur
554 3309 714 3370 familiares
746 3309 842 3370 securi
872 3310 970 3370 subito
998 3310 1030 3369 in
1060 3311 1228 3371 cubiculum

200 3412 362 3474 irruerint:
393 3413 536 3491 strepitus
565 3411 680 3474 scilicet
709 3412 891 3474 concidentis
921 3413 1118 3492 spiritumque
1141 3432 1227 3489 aegre

201 3515 349 3577 trahentis
372 3517 416 3578 eis
438 3515 638 3595 suspicionem
660 3515 755 3577 movit
777 3517 891 3596 aliquid
913 3516 1064 3577 eccidisse.

288 3626 337 3696 89,
362 3627 378 3680 5
411 3622 461 3680 cui
483 3622 592 3680 Caesen
607 3619 706 3699 senile
728 3629 756 3678 et
775 3639 829 3697 pre
851 3629 957 3679 notura
979 3638 1032 3678 suo
1055 3628 1084 3677 et
1102 3638 1159 3696 pro
1183 3620 1227 3679 i'n-

199 3727 299 3784 sti'tuto
328 3726 483 3796 concessit,
518 3726 583 3783 item
614 3725 755 3783 Caecinae
778 3757 818 3767 —
841 3722 893 3803 [co
922 3743 976 3782 sue
1007 3720 1224 3801 consuetudine]

200 3825 313 3887 tri'liiit.

285 3930 359 3991 (lum
391 3915 542 3990 tribuendi
565 3930 655 3990 verbo
678 3927 826 3990 obiectum
848 3927 937 4003 desit,
970 3949 1028 4009 quo
1050 3947 1151 3989 carere
1172 3929 1234 3990 viu⁴

198 4034 307 4109 potest,
329 4032 480 4115 Kiessiing
508 4031 664 4113 perspexit
684 4034 754 4093 i'dein
779 4031 966 4095 scribendum
987 4052 1051 4094 esse
1073 4051 1127 4110 pro
1150 4033 1227 4094 item.
