2872 4778
609 280 896 354 „90..·

201 463 360 540 generibus
391 467 564 524 constanter
594 468 639 524 est
668 462 795 524 additus.
838 463 948 543 Ithue
981 468 1012 522 et
1033 461 1106 523 huic
1128 460 1231 536 generi

201 568 328 647 scriptor
357 588 425 627 eum
449 567 599 627 addidisse
622 567 787 627 censendus
810 570 856 626 est
878 567 945 645 (cir.
975 570 1003 641 1,
1026 572 1045 627 4
1068 566 1232 642 classesque

204 705 238 718 -
263 671 502 749 complures).
537 674 639 751 Atque
660 690 825 749 pronomen
847 670 971 730 cundem
992 669 1055 731 vim
1078 687 1231 747 comperu-

200 775 294 837 tirem
315 774 415 846 hebet,
438 792 526 854 quem
550 774 635 846 78,c
658 772 756 832 multis
778 775 894 845 oecisr's,
919 771 1116 850 compluribus
1135 774 1231 832 vulue-

118 902 122 909 ·
202 880 278 936 ram's
300 881 331 936 et
352 875 396 937 sic
417 877 543 955 saepius.

288 985 337 1054 20,
356 983 370 1038 1
395 982 535 1056 remigum
550 987 664 1056 partem
680 975 733 1061 [eu
746 975 854 1060 classe]
871 979 1030 1050 Gallorum,
1056 978 1230 1038 lldodiorum

201 1083 436 1160 cpidulurumque
457 1100 574 1141 armore
595 1093 624 1140 el
645 1084 675 1141 im
698 1091 797 1142 costra
819 1100 951 1140 euocare.

287 1186 334 1245 W.
365 1204 586 1263 supervacanea
616 1205 680 1245 esse
710 1186 804 1247 verbe
830 1205 868 1243 es
889 1185 983 1243 clurse
1011 1189 1130 1259 censet,
1161 1185 1231 1268 quio

201 1287 277 1348 nulli
300 1288 361 1349 sint
382 1289 511 1364 remiges
533 1293 620 1350 extro
641 1289 783 1362 chocem
814 1307 891 1367 quae
913 1287 939 1347 si
961 1288 999 1346 ed
1021 1305 1144 1346 euocare
1164 1308 1231 1365 per·

201 1391 341 1467 linerent,
374 1393 497 1472 propius
528 1394 654 1454 verbum
684 1392 858 1453 collocende
883 1391 985 1465 luisse,
1014 1394 1049 1451 ut
1072 1395 1123 1465 20,
1151 1395 1165 1450 1
1195 1412 1231 1450 eu

200 1494 321 1554 mucidus
349 1498 379 1555 iu
410 1506 509 1556 castra
539 1504 723 1574 comportare.
769 1499 812 1555 At
841 1495 977 1554 conferes
1003 1493 1230 1555 collocutionem

201 1598 289 1676 plene
312 1598 439 1659 similem
463 1604 547 1673 20,4
571 1620 607 1657 cu
622 1601 701 1658 omui
713 1598 822 1674 Africa
838 1597 1018 1676 frumentum
1033 1628 1073 1641 -
1090 1599 1120 1656 iu
1133 1617 1231 1674 pauca

201 1700 304 1778 oppida
330 1735 363 1745 -
391 1712 596 1779 comportasse.
643 1701 799 1762 Struotnre
824 1701 878 1762 ille
901 1702 974 1761 dure
994 1699 1065 1760 iude
1088 1706 1156 1760 ortu
1178 1706 1231 1774 est,

202 1804 280 1883 quod
293 1808 324 1863 et
334 1805 482 1882 oppositio
495 1805 645 1863 Gallorum
655 1805 828 1865 lllcodiorum
844 1839 878 1849 -
894 1803 1047 1864 unctione
1060 1804 1232 1864 definiendo

201 1925 307 1984 parum
330 1913 400 1986 epte
423 1907 573 1968 dirimitur
594 1907 662 1987 (eir.
676 1927 744 1986 ρας.
761 1908 800 1966 27
820 1909 888 1969 edu.
905 1909 938 1986 2)
961 1913 993 1967 et
1007 1907 1086 1987 quod
1102 1907 1233 1985 scriptor

200 2012 327 2085 figurem
357 2012 541 2090 prothysteri
571 2013 717 2072 hocloco
739 2011 898 2071 admodum
920 2010 1034 2071 insulse
1054 2010 1231 2088 usurpavit5

200 2133 268 2175 nam
298 2115 335 2173 eb
366 2114 452 2173 initio
482 2133 517 2173 ea
546 2113 590 2173 uti
622 2113 655 2173 iu
684 2114 784 2173 enimc
814 2133 876 2174 non
905 2114 1019 2174 hebuit.
1063 2114 1109 2174 Eu
1130 2118 1230 2174 eutem

200 2236 271 2276 usus
304 2222 365 2291 eet,
403 2217 475 2298 quic
507 2217 637 2293 vulgurie
669 2219 829 2278 verborum
863 2217 1018 2277 collocutio
1053 2216 1229 2278 debiliorem

200 2322 343 2400 praebere
373 2321 400 2381 ei
432 2321 497 2381 vise
526 2327 573 2380 est
601 2321 749 2380 enuntiuti
776 2320 939 2380 eleusulom
961 2341 998 2379 eu
1020 2321 1178 2379 classe-
1200 2324 1230 2380 iu

201 2433 300 2484 castra
322 2443 440 2485 comeare
461 2433 491 2482 cl
511 2441 638 2482 armare.
677 2426 733 2482 Est
755 2423 849 2498 igitur
870 2444 965 2499 genas
987 2424 1137 2505 quoddam
1159 2444 1231 2485 ene·

202 2525 351 2586 coluthiue
373 2531 462 2587 natue
485 2526 583 2586 studio
606 2526 680 2586 ortis
701 2526 880 2589 rhetoricae.
1060 2520 1063 2525 ’

287 2628 380 2688 Punlo
410 2628 490 2689 infru
517 2629 658 2703 leguntur
679 2630 770 2690 heco:
800 2632 1022 2708 sagittariisque
1042 2648 1081 2688 cu
1102 2630 1230 2689 omuibus

202 2730 321 2789 uocibus
343 2733 477 2808 Ityraeis,
512 2728 625 2814 [Syris]
652 2742 681 2790 el
702 2737 837 2811 cui'usquc
856 2734 973 2811 generis
994 2733 1163 2812 deductis1)
1186 2730 1229 2814 [iu

201 2831 315 2917 castra]
338 2832 573 2918 [compluribus]

286 2939 442 3000 Structuru
471 2961 509 2998 eu
535 2938 664 2998 omuibus
694 2936 816 2997 uocibus
846 2972 888 2984 -
917 2939 1054 2998 deducere
1076 2941 1107 2998 im
1129 2949 1228 2998 castra

202 3042 365 3102 consimilis
388 3047 433 3102 est
455 3043 494 3116 ei,
517 3061 606 3123 quem
629 3061 720 3119 supra
735 3041 931 3116 defendimus,
954 3061 1051 3123 neque
1067 3042 1229 3123 quidquem

201 3146 235 3205 in
265 3164 299 3205 ec
324 3146 412 3220 inest,
443 3146 520 3226 quod
543 3146 704 3223 vituperes.
748 3144 866 3204 Deinde
889 3146 1011 3205 concedi
1033 3151 1133 3225 potest
1154 3164 1230 3204 com-

198 3247 333 3324 pluribus
355 3249 477 3307 omnino
500 3268 561 3308 non
584 3249 756 3323 desiderari,
782 3248 808 3307 si
831 3249 955 3309 deesset.
993 3253 1035 3309 At
1056 3250 1114 3309 hoo
1135 3268 1229 3325 rogeo

202 3349 336 3409 notionis
358 3350 535 3411 vocobulum
557 3351 685 3431 scriptor
706 3352 813 3411 mirum
837 3356 981 3431 quantum
1005 3357 1094 3426 amet,
1117 3352 1229 3433 quippe

203 3452 282 3535 quod
304 3453 371 3532 plus
393 3454 487 3516 vicies
510 3460 601 3530 extet,
624 3456 715 3536 idque
737 3455 891 3515 nonnullis
905 3454 987 3529 locis,
1011 3455 1062 3515 ubi
1078 3455 1156 3515 nihil
1171 3455 1229 3514 nisi

200 3576 320 3618 versum
352 3558 468 3635 explet:
503 3563 529 3631 1,
555 3563 572 3616 5
596 3561 624 3617 iu
647 3560 708 3617 dies
730 3568 760 3616 el
779 3577 866 3617 naues
889 3559 994 3634 langue
1015 3558 1169 3635 adaugeri,
1202 3567 1231 3616 et

200 3661 352 3718 onerariae
382 3662 543 3738 complures
572 3662 667 3720 eodem
697 3680 880 3721 concurrere.
939 3666 989 3735 85,
1018 3666 1038 3722 4
1068 3662 1230 3737 complures

202 3763 324 3834 Gaetuli,
356 3766 408 3841 qui
433 3782 530 3823 suiuus
560 3765 677 3824 clientes
702 3766 734 3823 C.
762 3765 846 3823 llari
872 3763 954 3843 (nem
984 3783 1088 3824 omncs
1109 3762 1231 3825 Gaetuli

203 3901 399 3910 ——--—-

272 3981 555 4050 1)duou00m.w.
