2872 4778
594 345 828 413 -120..

199 523 251 582 cfr.
281 527 309 594 2,
334 520 364 599 5)
395 520 426 580 in
450 520 581 580 Africam
612 518 750 597 pervenit
776 519 933 580 incolumis
955 523 1008 600 (sc.
1030 523 1067 581 ab
1088 522 1228 584 hostibus

200 631 231 684 et
259 622 606 702 tempestatibus).
649 623 760 683 Tamen
793 623 918 698 milites,
949 644 1014 683 cum
1043 625 1161 685 (laesuri
1194 648 1230 687 eo

199 733 334 804 tempore
363 727 456 787 otium
485 726 586 800 fuerit,
619 746 666 786 ex
697 726 899 802 languore
929 731 967 786 et
997 727 1138 788 nausia
1167 748 1232 788 re-

200 828 416 890 ficiuntur.
454 829 563 889 Nostro
586 833 684 889 autem
707 831 773 890 loco
789 849 855 889 cnm
869 829 1040 905 legionibus
1064 835 1103 890 et
1124 832 1231 909 copiae

200 925 380 1012 (quoque)
412 934 498 992 modo
527 932 721 993 advenientes
752 932 925 994 educuntur.
978 931 1043 996 Qua
1075 955 1113 993 ex
1143 935 1230 995 festi·

200 1036 320 1096 natione
357 1035 524 1111 legentibus
560 1055 703 1114 apparere
741 1041 826 1114 putat
862 1036 1005 1113 scriptor,
1043 1040 1230 1116 quantopere

200 1139 292 1198 fucrit
314 1141 419 1201 Caesar
447 1139 545 1199 animo
574 1145 664 1220 atque
686 1139 776 1199 armis
797 1144 917 1217 paratus
940 1142 976 1199 ad
999 1142 1232 1217 depugnandum

201 1241 292 1320 (idem
323 1246 447 1320 apparet
476 1265 492 1303 e
522 1243 571 1318 79,
596 1247 630 1315 13
664 1242 803 1304 similiter
836 1248 882 1316 ll,
907 1249 924 1302 3
956 1243 1063 1303 (laesor
1092 1264 1158 1304 cum
1184 1245 1233 1304 rei

200 1346 410 1407 frumentariae
438 1345 541 1426 inopia
571 1352 770 1424 promeretur,
801 1367 868 1406 cum
898 1345 992 1423 copiis
1020 1352 1088 1423 post
1109 1348 1233 1422 longam

200 1448 391 1511 iactationem
421 1448 601 1511 maritimam
632 1449 861 1511 advenientibus
891 1450 991 1510 statim
1017 1451 1233 1510 frumentatum

202 1558 247 1613 est
268 1552 441 1631 profectus),
473 1574 538 1613 cum
569 1552 762 1614 advenientes
778 1544 841 1614 'sui
868 1552 1020 1613 reficiendi
1043 1574 1156 1612 moram
1179 1555 1235 1613 ha·

200 1655 323 1717 buerint
350 1655 471 1718 nnllam.
516 1654 700 1736 Quamquam
732 1662 936 1735 exspectamus
966 1657 1071 1716 horum
1101 1656 1234 1716 militum

202 1757 382 1818 mentionem
411 1760 557 1818 adnexam
589 1778 653 1818 esse
684 1757 861 1834 legionibus,
892 1779 958 1818 cum
987 1759 1045 1818 alio
1078 1759 1142 1818 loco
1173 1759 1233 1818 hae

202 1860 322 1920 maioris
345 1859 406 1920 sint
427 1859 588 1921 momenti:
619 1881 700 1922 cum
723 1862 908 1923 omnibns
930 1861 1171 1938 legionibus
1195 1868 1237 1923 et

201 1963 265 2022 his
294 1963 425 2040 copiis
457 1963 629 2024 eductis.
673 1965 732 2025 Hic
761 1971 860 2025 autem
892 1965 1041 2042 copiarum
1068 1965 1235 2025 recentium

202 2065 294 2140 notio,
319 2066 389 2145 quic
412 2088 478 2127 oum
500 2070 581 2128 certo
605 2068 731 2147 quodam
754 2067 889 2129 acumine
909 2067 1024 2147 aliquid
1039 2068 1110 2127 novi
1125 2070 1236 2143 adfert,

203 2169 321 2244 gravior
343 2170 482 2247 scriptori
505 2170 569 2231 visa
592 2179 638 2232 est
658 2170 785 2251 ideoque
808 2171 907 2249 priore
928 2172 993 2231 loco
1016 2172 1124 2250 posita.

290 2275 372 2349 79,1
396 2274 491 2333 hostes
512 2295 547 2333 ne
569 2277 680 2334 r'rrtrare
701 2273 758 2354 [ad
769 2276 814 2356 sa]
836 2294 871 2333 aa
891 2275 955 2333 loca
970 2277 1111 2334 r'uterrbra
1127 2293 1234 2352 capere

199 2385 327 2456 possent.

287 2479 421 2557 Scriptor
452 2483 582 2552 intrare,
620 2482 742 2541 introire
774 2480 884 2542 similia
915 2500 1066 2560 nunquam
1095 2481 1234 2542 absolute

203 2585 343 2657 usurpat,
377 2582 429 2641 cfr.
461 2581 487 2656 7,
517 2588 550 2656 23
587 2587 636 2657 89,
666 2589 703 2656 23
736 2589 787 2658 90,
813 2590 839 2645 l.
895 2583 1074 2645 Defenditur
1107 2584 1234 2661 insuper

204 2685 317 2742 trebure
347 2684 385 2742 ad
416 2684 482 2744 loco
505 2684 633 2746 Liviano
656 2688 707 2760 VI,
731 2692 759 2762 2,
783 2693 801 2747 9
832 2690 944 2746 intrare
975 2687 1014 2745 ad
1043 2691 1233 2760 muru'menta;

203 2788 324 2848 Terent.
347 2788 467 2866 Hecyra
490 2793 548 2848 551
575 2790 688 2849 intrare
710 2791 748 2849 ad
769 2798 907 2865 amtaam;
930 2791 1084 2850 Phaedrus
1100 2791 1134 2864 V,
1159 2795 1188 2864 9,
1214 2797 1231 2848 2

205 2893 316 2951 Intrare
339 2893 378 2951 ad
394 2895 562 2970 praesepia.

292 3000 341 3070 82,
364 3001 382 3054 3
413 2993 577 3055 Dubs'tarrte
601 2997 726 3055 Caesare
753 3030 797 3040 -—
823 3006 914 3054 et-
937 2998 1027 3055 oriem
1056 3004 1233 3055 sustentante

205 3097 300 3159 subito
329 3099 431 3157 dextro
461 3118 551 3158 carna
580 3101 694 3159 r‘ru‘assu
717 3097 885 3180 [Caesaris]
915 3098 1026 3159 tubicen
1056 3133 1098 3143 —
1128 3118 1233 3158 currere

206 3204 307 3281 acepit.

293 3302 439 3364 Genetivo
461 3306 596 3364 Caesaris
618 3325 679 3366 non
701 3326 775 3383 opus
798 3325 861 3365 esse
876 3306 925 3366 W.
948 3304 1022 3365 dicit
1043 3304 1173 3382 perspici
1195 3324 1234 3364 ex

208 3412 259 3481 el,
283 3412 299 3465 3
334 3426 395 3466 aum
427 3406 521 3467 sabito
551 3427 624 3486 pars
653 3411 795 3487 equitatus
820 3410 953 3468 Caesaris
983 3440 1025 3452 -
1054 3410 1166 3468 r'ar'ussu
1197 3426 1232 3466 aa

209 3521 310 3570 temera
341 3511 457 3587 longius
487 3515 647 3589 progressi.
703 3512 761 3572 Sed
789 3513 846 3572 hoc
877 3511 1044 3589 exemplum
1076 3515 1235 3588 propterea

207 3614 285 3675 nihil
315 3614 430 3691 probat,
461 3614 532 3694 quie
561 3614 717 3691 genetivus
742 3617 874 3674 Caesaris
899 3613 1003 3691 paucis
1024 3614 1125 3675 verbis
1147 3619 1235 3675 antea

207 3716 317 3793 legitur
347 3723 379 3778 et
407 3716 478 3796 quia
508 3723 572 3778 arto
602 3718 723 3798 vinculo
752 3717 909 3778 coniuncta
937 3722 1028 3778 sunt:
1060 3719 1171 3777 iniussu
1201 3736 1235 3776 aa

210 3831 321 3896 temere,
352 3822 409 3882 hoo
438 3841 510 3881 vero
531 3820 596 3883 loco
619 3842 727 3882 nomen
748 3819 836 3881 initio
859 3820 1006 3882 enuntiati
1028 3819 1158 3898 positum
1181 3824 1236 3881 est.

210 3922 399 4002 Quapropter
431 3925 625 4002 repetendum
655 3924 687 3984 id
717 3924 846 4002 scriptor
874 3923 1007 4002 putavit,
1037 3923 1144 3984 iterato
1175 3944 1235 3983 non

209 4026 384 4106 pronomine
407 4027 504 4106 (velut
525 4029 595 4103 er'os,
619 4031 654 4088 ut
668 4027 783 4088 Novak.
806 4026 944 4106 coniecit)
967 4027 1020 4089 sed
1036 4026 1101 4105 ipso
1116 4026 1236 4090 nomine
