2872 4778
612 324 825 393 ..74-

286 502 360 564 Loci
374 503 507 578 graviter
521 502 653 578 corrupti
668 499 837 561 emendatio
852 499 983 561 incertae
1001 503 1116 560 certum
1131 501 1230 560 anum

201 627 257 667 neo
275 607 489 684 praefectisque
510 625 566 665 nee
587 606 758 662 consuetudo
781 624 855 667 voce
877 624 931 663 nos
946 623 1034 681 posse
1049 622 1150 663 carere
1165 602 1230 664 sine

201 709 367 770 sententiae
397 708 585 768 detrimento.
629 706 762 767 Primum
791 707 911 786 quidem
937 705 1150 784 praefectisque
1174 726 1229 767 nec

199 811 442 890 gubernatoribus
475 815 510 869 ut
541 810 776 869 additamentum
810 808 938 870 adscribi
972 809 1072 886 potuit
1099 829 1156 869 nec
1184 814 1230 870 est

201 913 394 991 superfluum.
429 913 506 972 Nam
527 933 593 972 cum
615 933 674 972 non
698 915 880 987 gubernator
900 915 952 972 sed
967 914 1135 989 praefectus
1151 934 1230 973 snm-

200 1038 265 1077 mns
297 1017 338 1076 sit
368 1016 453 1076 navis
484 1018 561 1088 dux,
597 1035 636 1076 ex
665 1035 745 1076 more
775 1015 899 1075 militari
927 1015 992 1075 fieri
1022 1015 1142 1075 omuino
1168 1036 1228 1075 non

201 1121 308 1199 potuit,
337 1124 371 1179 ut
398 1119 450 1179 ille
479 1139 539 1199 quo
562 1139 665 1180 cursus
687 1123 839 1179 teneretur
860 1119 950 1178 sciret
971 1124 1001 1178 et
1021 1118 1149 1192 iuberet,
1179 1119 1229 1179 hio

201 1222 331 1284 nesciret
360 1226 391 1282 et
419 1223 611 1298 gubernatori
642 1229 768 1299 pareret.
813 1224 907 1281 Immo
929 1228 1054 1300 uterque
1075 1223 1132 1282 hoc
1155 1222 1230 1283 sciat

201 1345 322 1386 necesso
344 1328 399 1400 est,
421 1331 452 1386 et
472 1327 652 1401 gubernator
675 1326 793 1404 quidem
817 1326 978 1386 edoctusa
995 1326 1153 1402 praefecto,
1177 1325 1228 1404 qui

200 1430 267 1507 ipse
289 1431 326 1488 ab
348 1429 527 1505 imperatore
549 1428 711 1489 instructus
734 1433 787 1500 eat,
809 1432 862 1488 aut
882 1434 1016 1506 uterque,
1037 1433 1072 1488 ut
1089 1429 1146 1488 hoc
1164 1428 1228 1488 loco

201 1532 258 1593 sibi
280 1531 371 1592 finxit
393 1531 530 1608 scriptor,
563 1531 662 1590 statim
685 1551 702 1590 a
724 1531 855 1590 Gaemre.
898 1531 1005 1591 Deleto
1027 1530 1136 1590 deinde
1157 1552 1228 1591 oon·

200 1633 367 1694 suetudinis
397 1634 541 1695 vocabulo
564 1635 669 1694 Caesar
690 1634 844 1695 videretur
863 1633 1004 1694 inventor
1024 1634 1116 1693 fuisse
1139 1634 1228 1694 huius

200 1756 272 1796 usus
293 1736 468 1796 tabellarum
490 1736 680 1811 signatarum.
724 1738 782 1797 Sed
808 1739 887 1797 hunc
908 1756 1020 1796 morem
1042 1757 1228 1797 communem

200 1838 292 1898 fuisse
323 1843 439 1899 constat
468 1843 499 1898 et
529 1839 696 1918 antiquum.
741 1841 794 1900 cir.
824 1840 927 1900 Front.
957 1843 1077 1914 strateg.
1099 1840 1125 1914 1,
1160 1845 1184 1914 1,
1208 1846 1225 1898 2

200 1942 323 2000 Himilco
347 1940 479 2011 tabellas,
505 1944 534 2000 in
557 1941 658 2019 quibus
681 1945 818 2020 seriptum
840 1945 915 2013 erat,
941 1960 1024 2020 quarn
1044 1951 1154 2020 partem
1167 1946 1231 2020 peti

199 2045 294 2115 uellet,
319 2077 360 2089 —
385 2043 631 2121 gubernatoribus
652 2045 731 2104 dedi!
752 2047 897 2120 signatas.
943 2044 1003 2104 sed
1024 2056 1059 2105 at
1079 2046 1228 2106 sententia

202 2147 302 2224 paullo
318 2147 359 2207 sit
373 2146 597 2223 significantior,
613 2167 790 2228 quamquam
804 2148 901 2207 nudus
911 2148 1060 2210 ablativus
1072 2167 1150 2206 more
1160 2169 1229 2225 pro·

200 2256 288 2313 batur
303 2252 370 2312 Tac.
386 2270 455 2311 ann.
471 2252 496 2325 I,
515 2255 551 2310 10
571 2252 720 2327 sepultura
736 2270 813 2307 more
824 2250 963 2328 perfecta,
982 2251 1106 2310 nertitari
1118 2252 1227 2311 addon·

201 2353 271 2413 dum
294 2372 357 2414 esse
376 2352 504 2413 coniecit
518 2353 686 2428 Kiessling3
713 2353 766 2413 cir.
782 2353 851 2413 bell.
867 2352 926 2412 civ.
942 2353 999 2427 111,
1015 2358 1055 2411 90
1070 2357 1227 2412 exercitum

199 2474 260 2513 curn
277 2456 403 2514 militari
410 2473 486 2512 more
498 2454 538 2511 ad
548 2474 678 2531 pugnarn
690 2455 902 2516 cohortaretur.
928 2456 1062 2515 Ceterum
1075 2455 1229 2534 scriptoris

200 2557 295 2618 nostri
318 2557 498 2616 consuetudo
520 2555 646 2631 flagitat,
668 2561 703 2616 ut
727 2557 909 2621 adiectirum
931 2562 1144 2635 postponatur;
1175 2560 1228 2619 cfr.

202 2664 292 2732 54,8
322 2660 517 2718 deaurrrentum
546 2677 624 2716 ruore
654 2660 780 2719 militari
799 2665 981 2722 constituam.
1024 2661 1104 2721 idem
1128 2666 1177 2736 85,
1201 2667 1228 2722 5.

287 2768 314 2836 6,
339 2763 355 2821 7
379 2763 497 2820 Interirn
521 2759 564 2842 [in
586 2759 704 2845 itenere]
728 2797 770 2808 -
793 2764 951 2840 legationes
973 2766 1080 2823 venere.

286 2865 345 2925 (tur
360 2864 406 2925 W.
428 2864 552 2925 localem
574 2866 604 2924 in
620 2867 723 2925 r'tirrere
737 2865 896 2927 delendum
914 2871 1041 2941 arsut,
1063 2886 1123 2926 uon
1139 2867 1228 2927 dicit:

199 2988 237 3028 an
267 2969 346 3047 quod
375 2967 408 3028 in
437 2972 500 3028 toto
530 2966 628 3044 capite
658 2988 778 3028 manum
808 2968 1019 3045 interpolantis
1046 2988 1107 3028 uon
1129 2969 1230 3045 detegi

202 3072 359 3131 molestum
382 3072 410 3130 ei
433 3069 531 3132 risum
553 3069 619 3129 eat?
653 3072 730 3130 Nam
753 3071 844 3131 verba
867 3091 937 3130 sana
958 3076 1043 3144 sunt;
1064 3073 1117 3132 cfr.
1142 3077 1226 3146 92,3

201 3173 337 3252 (Caesar)
365 3206 404 3218 -
436 3174 466 3232 in
489 3191 608 3249 reguum
632 3175 676 3231 r‘r‘e
697 3174 852 3232 contendit.
897 3174 915 3231 1
920 3183 1059 3232 nterarn
1088 3176 1125 3233 ia
1156 3176 1228 3233 iti-

199 3294 291 3333 nere
313 3308 353 3319 -
376 3277 462 3333 duces
485 3274 645 3352 complures
667 3277 707 3333 ad
729 3277 880 3335 Caesarem
902 3278 1027 3335 ueniunt.

286 3375 314 3452 7,
330 3382 348 3436 8
371 3376 500 3455 relr'quae
514 3409 556 3421 -
571 3378 699 3436 nuceriae
720 3377 846 3437 locorum
865 3378 974 3439 Utr'carn
990 3375 1115 3460 [uersus]
1128 3386 1228 3456 peiere

200 3482 281 3539 uriae
301 3488 379 3538 suut.

285 3603 383 3642 uersus
411 3581 625 3643 renuntiatum
654 3602 736 3643 nexu
766 3583 946 3646 defenditur.
989 3585 1065 3644 Nam
1087 3583 1113 3644 si
1136 3603 1227 3644 naves

199 3686 313 3747 Uticam
342 3685 438 3763 ipsam
464 3683 652 3762 petivissent,
685 3705 745 3746 non
767 3691 930 3764 potuerunt
954 3686 1012 3746 dici
1035 3689 1163 3746 incertae
1186 3688 1228 3745 lo·

199 3807 307 3848 corum.
339 3787 456 3848 Deinde
477 3793 575 3850 autem
590 3787 706 3851 Uticam
723 3787 817 3865 ipsam
832 3808 882 3849 eas
898 3808 958 3849 non
973 3789 1116 3868 petivisse
1131 3790 1228 3850 alumi

199 3909 215 3948 e
241 3894 288 3962 11,
312 3897 342 3965 2,
371 3890 424 3952 ubi
454 3892 573 3951 eaedem
604 3909 696 3950 naves
720 3890 752 3949 in
775 3895 895 3968 portum
917 3893 954 3951 ad
976 3890 1139 3968 Ruspinam
1162 3910 1229 3969 per·

199 3990 334 4056 veniunt
371 3992 525 4055 Sententia
546 3992 639 4074 igitur
661 3993 733 4056 haec
755 4002 817 4056 est:
839 3993 970 4058 incertae
989 3994 1118 4056 locorum
1134 4012 1226 4056 nares
