2872 4778
612 361 824 444 „Aaa

287 544 447 613 Vocabulis
477 551 586 612 deinde
615 571 684 609 suae
705 572 792 610 naues
824 552 931 613 deletis
954 550 1135 611 contrarium
1158 564 1230 631 quc·

203 673 260 733 que
283 653 465 714 rhetoricum
488 656 710 731 pessumdatur:
733 673 854 712 suae-
873 657 1118 726 aduersariorum,
1143 673 1231 713 naues

201 757 401 829 -classem,
436 758 516 838 quod
545 759 582 817 ab
613 763 731 817 auctore
763 757 929 835 quaesitum
960 777 1024 817 esse
1054 777 1070 815 e
1101 756 1231 817 ehiasmo

201 862 334 937 apparet.

285 981 322 1020 ne
348 971 470 1039 prepter
493 983 609 1022 sucrum
630 967 803 1040 puriritatem
826 973 854 1021 et
875 964 998 1023 hostium
1021 963 1229 1022 multitudinem

202 1059 303 1143 [metu]
326 1063 490 1141 deficerent.

286 1166 380 1225 Causa
408 1167 557 1252 qusquis
579 1173 697 1229 coactus
720 1170 828 1242 deficit,
856 1169 1024 1230 adnectitur
1046 1168 1229 1229 aut-instru-

201 1267 322 1327 mentali
346 1272 397 1328 aut
419 1270 641 1348 praepositione
661 1270 833 1351 propter1).
870 1274 937 1332 Hoc
960 1278 1059 1333 autem
1081 1274 1144 1332 loco
1168 1291 1228 1330 non

200 1375 326 1451 utraque
348 1376 497 1432 structura
519 1377 603 1433 extat
625 1373 791 1449 coniuncta,
813 1375 838 1433 si
859 1375 977 1454 quidem
993 1374 1229 1435 instrumentalis

200 1484 274 1531 metu
302 1493 363 1533 non
392 1494 507 1535 causam
530 1475 617 1535 affert
639 1478 772 1537 deiectus
795 1477 970 1550 animorum,
1002 1479 1053 1536 sed
1077 1477 1227 1553 explanat,

201 1594 252 1634 cur
281 1582 449 1653 propter
478 1598 639 1638 suorum
668 1599 697 1655 p.
727 1585 764 1640 et
793 1580 969 1640 hostium
992 1600 1031 1640 m.
1054 1578 1227 1639 defecerint.

192 1679 311 1755 Expiet
339 1679 433 1755 igitur
462 1679 559 1739 vicem
588 1681 737 1741 enuntiati
767 1681 892 1742 causalis
916 1682 1016 1742 velut:
1049 1702 1085 1740 ne
1108 1689 1229 1760 propter

200 1799 225 1838 s.
241 1800 279 1857 p.
304 1791 333 1840 ct
354 1783 383 1839 i.
410 1802 458 1855 m,
490 1783 588 1860 quad
615 1783 699 1843 sili
718 1787 917 1856 timerent,
944 1783 1106 1860 inicerent.
1153 1785 1229 1842 Sane

200 1895 275 1943 metu
297 1885 347 1945 vel
367 1887 444 1962 quad
464 1884 525 1944 sili
545 1888 676 1944 timerent
699 1887 795 1947 omitti
818 1887 925 1964 potuit.
958 1888 1015 1947 Sed
1031 1887 1102 1950 vide
1116 1887 1229 1946 similes

200 1987 289 2060 locos,
311 1988 363 2049 ubi
387 1989 488 2049 eedem
512 1988 666 2066 scriptoris
688 1991 854 2052 verbositas
877 1995 1018 2066 apparet:
1044 1992 1091 2064 71,
1118 1997 1136 2049 2
1160 1991 1229 2048 leurs

200 2101 351 2149 armatura
381 2123 424 2134 -
452 2094 559 2170 equites
591 2092 753 2151 deterrebat
776 2094 921 2170 praelium
953 2096 1029 2151 insse
1055 2101 1229 2170 propter

199 2212 380 2268 equarum
416 2195 644 2266 interitum,
685 2197 784 2271 qucd
815 2214 879 2253 ecs
913 2196 1066 2254 iaculis
1099 2198 1228 2253 inter·

191 2296 413 2370 siciebant.
461 2302 510 2370 20,
536 2303 554 2354 4
580 2307 703 2374 prepter·
732 2299 965 2356 adversariarum
988 2297 1121 2367 dilectus,
1154 2299 1231 2374 quod

155 2410 158 2414 ⁴
200 2431 240 2440 -
261 2406 395 2456 aratores
417 2399 523 2459 milites
540 2409 634 2459 essent
646 2400 739 2480 sacti.
775 2399 921 2459 Similiter
944 2404 993 2471 45,
1011 2405 1028 2456 2
1048 2419 1105 2476 pra
1124 2409 1171 2456 tua
1186 2433 1229 2446 -

200 2498 335 2575 beneficio
350 2533 402 2575 -,
424 2504 501 2579 quad
521 2502 595 2561 milii
615 2505 700 2562 uitam
717 2504 995 2580 incolumitatemque
1009 2535 1046 2546 -
1064 2503 1226 2580 pclls'ceris.

190 2607 286 2676 '⁶925
310 2606 456 2664 exercitus
478 2606 540 2663 eius
563 2601 714 2686 [ieiunus]‚
739 2608 792 2684 qui
804 2607 879 2664 nihil
892 2640 933 2650 —-
946 2615 1104 2682 gustasset.
1144 2610 1193 2676 81,
1210 2611 1228 2662 2

202 2707 320 2778 tirones,
353 2709 405 2784 qui
425 2727 574 2784 numquam
598 2710 628 2766 in
651 2711 927 2769 acr‘ealimicassent.
972 2709 1083 2768 Omnes
1106 2707 1138 2766 hi
1160 2707 1229 2781 loci,

201 2808 232 2867 in
263 2809 371 2888 quibus
399 2812 481 2871 notio
511 2811 611 2891 aliqua
640 2812 788 2872 enuntiati
816 2811 951 2887 primarii
981 2816 1033 2870 aut
1050 2792 1148 2869 'totum
1171 2811 1229 2869 hoc

202 2913 386 2974 enuntiatum
409 2913 543 2975 fusius
565 2913 745 2989 explanatur
766 2913 938 2991 insequenti
954 2911 1102 2972 sententia
1117 2911 1229 2971 causali

203 3035 278 3094 quae
310 3016 387 3076 nihil
419 3017 548 3094 amplius
580 3016 652 3078 novi
686 3016 836 3090 continet,
873 3035 904 3074 se
937 3019 1058 3074 tuentur
1088 3013 1235 3072 invicem„

202 3118 351 3195 Septimus
383 3120 512 3199 denique
541 3121 625 3180 lacus
655 3119 751 3197 primo
781 3117 950 3177 simillimus
979 3115 1107 3178 occurrit
1137 3120 1185 3199 85,
1210 3121 1227 3173 8

201 3224 313 3300 qui-
336 3223 480 3283 licentiam
509 3222 567 3282 sili
592 3225 872 3301 assumpsissent-
891 3221 1035 3299 peccandi
1062 3221 1228 3296 impuni-

203 3327 302 3384 tatis
323 3346 388 3404 spe
407 3336 573 3405 propter
595 3329 783 3386 maximas
806 3345 867 3383 res
887 3334 1040 3402 gestas,
1068 3323 1127 3383 nisi
1150 3324 1229 3402 quod

202 3426 438 3490 instrumentalis
469 3433 500 3489 et
529 3429 712 3506 praepositio
737 3449 845 3488 munus
866 3431 1067 3488 mutaverunt.
1110 3426 1151 3485 Ut
1171 3428 1229 3486 hcc

206 3533 271 3593 loco
293 3535 396 3591 milites
419 3533 563 3592 licentiam
582 3533 726 3610 peccandi
744 3532 803 3590 sili
822 3540 1033 3609 assumpserant
1062 3531 1229 3606 impuni-

204 3639 301 3695 tatis
331 3656 414 3714 spe‚
447 3638 523 3714 quad
546 3639 685 3695 maximus
706 3655 754 3694 res
773 3644 935 3711 gesserant,
969 3633 1011 3692 sic
1032 3632 1085 3691 illc
1107 3632 1171 3690 loco
1194 3651 1229 3688 ue

203 3740 306 3798 milites
328 3738 482 3814 dsficerent
499 3749 667 3817 prepter
689 3772 731 3784 -
753 3736 1058 3805 multitudinem,
1084 3735 1161 3811 quod
1174 3733 1232 3790 sit·

204 3845 343 3901 timerent.

272 3995 298 4062 1)
314 3996 457 4046 heminae
475 3996 573 4060 deficere
591 3995 661 4045 Caes.
679 3995 737 4044 bell.
757 3993 804 4042 civ.
823 3993 868 4054 111,
887 3993 927 4053 92,
948 3994 970 4041 2.
1006 3990 1105 4050 deficere
1122 3988 1227 4050 aliquem

198 4090 300 4147 prepter
316 4099 370 4132 sam
386 4098 436 4133 rem
454 4085 507 4137 cic.
525 4084 596 4134 Verr.
614 4085 660 4144 111,
680 4086 737 4132 110.
