2872 4778
617 321 829 392 ..22-

203 504 274 581 quid
305 502 386 560 modo
419 501 534 577 longatus
564 498 829 569 circumduxerunt,
864 500 965 557 iurent
995 499 1036 558 ito
1068 499 1232 559 Ciceronem

203 605 328 666 loentum
342 604 451 683 fuisse.

287 707 372 766 Unde
402 705 565 766 certissime
594 703 680 785 sequi
709 704 828 767 vident
857 703 1011 777 Asinium,
1052 724 1111 784 qna
1141 706 1235 765 fuerit

203 809 369 885 diligentia,
401 808 544 868 orationis
573 807 740 868 inhibuisse
773 808 879 867 elatam
910 812 941 867 et
970 805 1119 883 eopiosam
1146 811 1234 868 uber-

203 915 293 973 tatem
332 917 363 972 at
396 916 431 970 ut
467 931 603 972 severum
633 910 804 971 Attioistam
833 910 934 970 dedita
962 928 1052 987 opera
1080 915 1233 972 attenuato

203 1015 352 1076 studuisse
374 1033 536 1093 pressoque
559 1012 679 1073 dicendi
701 1013 813 1089 generi.
846 1014 883 1072 Id
905 1014 985 1092 quod
1002 1011 1134 1073 eiusdem
1149 1013 1234 1073 tostis

204 1116 315 1178 indioio
338 1117 392 1194 (X,
419 1122 443 1190 l,
470 1114 540 1191 113)
562 1117 722 1193 probatur:
746 1136 764 1174 o
786 1119 881 1175 nitore
902 1124 933 1174 et
952 1117 1130 1175 iucunditate
1153 1118 1234 1174 Cine-

203 1222 286 1279 ronis
307 1222 349 1278 itu
372 1221 459 1296 longe
481 1218 572 1292 otest,
598 1227 630 1276 ut
651 1218 746 1277 uideni
762 1221 858 1295 possit
878 1219 994 1278 soeculo
1012 1220 1109 1295 prior.

289 1323 349 1382 Sed
377 1321 485 1382 mirum
515 1341 577 1382 non
600 1326 653 1396 est,
685 1323 764 1401 quod
787 1321 830 1381 eis
851 1321 1045 1399 temporibus,
1075 1340 1141 1382 oum
1162 1341 1235 1382 veta

206 1425 377 1505 eloquentia
399 1424 663 1486 deolamationibus
686 1429 826 1503 corrupta
845 1423 968 1499 iuuabat,
992 1427 1030 1486 ab
1044 1424 1100 1484 hoo
1116 1422 1235 1484 dioendi

206 1533 237 1587 et
266 1528 461 1607 componendi
492 1547 600 1603 genere
630 1527 805 1588 alienissimi
830 1535 916 1587 erant
936 1527 1072 1588 homines
1094 1531 1125 1588 et
1145 1528 1177 1587 id
1199 1546 1235 1588 eo

205 1630 341 1705 graviore
371 1631 523 1691 vexabant
552 1630 788 1708 vituperatione,
818 1649 877 1709 quo
906 1629 1017 1690 maiore
1045 1630 1143 1691 studio
1165 1630 1236 1690 huie

205 1733 401 1808 degeneratae
424 1732 612 1812 eloquentiae
635 1732 728 1792 dediti
748 1737 840 1792 erant.
874 1735 989 1793 Horum
1004 1741 1153 1793 oratorum
1169 1753 1235 1810 per·

205 1854 309 1895 sonam
332 1834 453 1895 Tacitus
485 1835 571 1916 quusi
594 1839 690 1894 totum
712 1855 806 1911 genus
828 1835 975 1911 castigans
996 1836 1029 1894 in
1051 1836 1169 1913 dialogo
1192 1836 1236 1895 di·

206 1942 323 1999 eentem
355 1936 429 1999 feeit
460 1940 502 1999 M.
530 1941 662 2017 Aprum:
696 1940 820 1996 Asinius
849 1971 890 1983 —
920 1941 1031 1997 uidetur
1060 1940 1132 1997 ne'ti
1159 1941 1236 1997 inter

205 2040 355 2099 Menenios
384 2048 413 2098 ei
436 2043 549 2119 Appsbs
575 2041 728 2100 studus‘sse.
774 2040 929 2100 Pacuuium
958 2052 1036 2102 certe
1063 2051 1093 2100 et
1113 2043 1234 2100 Accium

206 2163 262 2202 non
290 2145 381 2203 solum
412 2146 571 2222 tragoediis
600 2143 652 2202 sed
677 2145 764 2203 eu‘um
786 2144 964 2203 orntsbnitus
985 2148 1047 2204 suos
1068 2148 1233 2222 expressit:

205 2245 276 2305 adeo
309 2247 398 2306 detrun
429 2257 458 2306 et
487 2250 581 2307 siccus
611 2256 666 2306 est.
721 2248 808 2314 Quod
845 2267 912 2308 oum
949 2248 1110 2309 studiosius
1149 2268 1237 2327 quam

206 2349 310 2412 verius
340 2350 504 2412 iudicatum
534 2355 621 2425 esset,
652 2350 770 2410 Taoitns
799 2353 876 2430 (esp.
900 2350 953 2428 25)
976 2351 1146 2411 Messallam
1169 2371 1238 2410 oon·

206 2453 400 2514 tradiosntem
436 2453 527 2514 fenita
566 2453 647 2530 apud
672 2473 724 2512 nos
756 2454 856 2512 Cs'eero
886 2455 995 2532 quotiens
1030 2463 1139 2512 eeteros

207 2559 330 2614 detentos
361 2558 533 2626 antecessit3
567 2556 672 2615 Caluus
701 2565 795 2615 nutem
824 2566 854 2615 et
875 2559 998 2616 Asinius
1028 2565 1058 2616 et
1080 2559 1187 2616 Caesar
1211 2567 1239 2615 et

209 2659 325 2718 Coelius
360 2667 389 2716 et
417 2661 526 2717 Brutus
558 2662 621 2717 iure
655 2668 684 2717 et
709 2659 860 2737 prioribus
891 2669 920 2718 et
948 2660 1130 2738 sequentibus
1159 2670 1240 2719 unte-

204 2770 373 2840 ponuntur,·
405 2781 458 2820 nee
486 2761 579 2839 refert
609 2762 686 2840 quod
710 2765 786 2821 inter
813 2782 844 2821 se
868 2765 961 2840 speeie
986 2762 1146 2844 differunt,
1175 2782 1239 2820 eum

205 2883 314 2942 genere
335 2867 532 2924 consentiunt.-
560 2865 729 2924 ndstrsmior
754 2866 870 2938 Caluus,
895 2868 1075 2924 numerosior
1102 2867 1236 2936 Asinius,

208 2969 385 3045 splendidior
407 2969 528 3039 Caesar,
553 2971 681 3026 umursbr
705 2968 830 3038 Coelius,
860 2970 984 3045 gnevin
1006 2971 1125 3038 Brutus,
1158 2968 1240 3025 uele-

209 3073 330 3130 mentior
351 3081 380 3130 et
398 3072 513 3150 piensbr
534 3080 563 3129 et
584 3072 730 3131 ualentior
749 3072 858 3132 Cicero.
892 3073 993 3130 Omnes
1016 3080 1107 3129 lumen
1122 3072 1239 3129 eundem

209 3176 360 3233 sanitatem
387 3174 567 3253 eloquentiae
589 3193 666 3250 pree
686 3194 717 3233 se
735 3173 847 3250 ferunt,
882 3182 915 3232 ut
934 3176 964 3232 si
982 3177 1105 3233 omnium
1126 3176 1241 3250 puriter

210 3275 302 3334 lituos
323 3277 353 3334 in
378 3295 490 3335 nannum
511 3281 669 3354 sumpseris
692 3281 770 3337 setus
791 3279 919 3354 quemuis
936 3279 965 3335 in
981 3278 1102 3335 diuersis
1117 3278 1240 3353 ingenus

210 3397 271 3437 esse
298 3379 440 3456 quondum
470 3381 574 3438 sude'eii
599 3399 635 3438 oe
664 3381 821 3440 uolunlnu's
847 3380 1061 3439 similitudinem
1084 3388 1112 3436 et
1132 3398 1240 3456 eogno-

212 3483 326 3539 taonem.

297 3583 379 3644 Talis
400 3584 493 3662 igitur
514 3586 639 3647 oratoris
654 3585 798 3648 severitas
813 3591 844 3646 et
860 3585 992 3646 brevitas
1007 3605 1074 3646 oum
1088 3584 1241 3646 Oioeronis

212 3686 330 3747 dioendi
352 3690 487 3749 ubertate
511 3692 542 3748 et
562 3689 755 3764 sublimitate,
778 3693 883 3766 utpote
905 3707 1013 3764 genere
1029 3687 1240 3762 diversissima,

212 3790 375 3868 eomparari
397 3811 550 3872 nunquam
571 3792 684 3866 debuit,
707 3797 738 3853 st
760 3791 786 3850 si
808 3795 1004 3868 eomparatur,
1026 3809 1085 3850 non
1103 3790 1241 3850 Asinisni

212 3893 356 3955 sermonis
387 3894 569 3973 praestantia
597 3895 652 3954 sed
681 3894 813 3954 defeetus
843 3898 975 3970 apparet,
1005 3898 1040 3954 nt
1070 3895 1150 3970 apud
1172 3894 1241 3954 Seu.

212 3995 286 4075 phil.
316 4016 363 4075 ep.
395 4002 465 4071 100,
490 4000 524 4057 7:
553 3996 693 4056 Pollionis
715 3998 819 4055 Asinii
845 3999 1013 4079 compositio
1042 3995 1191 4057 salebrosa
1214 4005 1242 4054 et
