2872 4778
668 319 882 391 ...36..

345 497 431 558 Hauc
461 497 555 574 igitur
584 505 703 559 secutus
733 499 905 576 opinionem
935 499 1054 559 delendi
1081 518 1203 559 munere
1226 519 1287 560 non

258 601 347 662 nimis
377 602 509 661 modeste
539 602 657 660 functus
687 605 733 661 θεῖ
758 600 856 661 editor
878 601 1113 662 recentissimus:
1145 603 1289 662 trecentis

259 706 320 764 iere
342 705 415 764 loeis
438 706 582 764 detectam
606 724 669 763 esse
685 704 759 764 dicit
774 704 1021 780 interpolatorum
1037 723 1165 766 manum.
1200 701 1287 768 Quod

260 809 406 885 quomodo
436 808 546 866 factum
576 806 616 866 sit
645 812 679 866 ut
709 808 831 883 probet,
862 805 1102 866 commentarium
1135 809 1290 868 contendit

259 915 418 970 tractatum
450 929 513 970 esse
535 909 567 968 in
591 909 716 983 scholis;
746 912 782 969 ad
805 909 1009 970 scholasticam
1032 914 1176 986 provocat
1195 910 1290 971 inter-

259 1013 458 1089 polationem,
496 1032 554 1092 qua
590 1012 737 1072 rariorum
775 1031 881 1073 vocum
912 1012 1194 1089 interpretamenta,
1227 1013 1288 1073 usi-

258 1116 398 1175 tatiorum
430 1135 596 1194 synonyma
610 1143 611 1148 ¹
625 1134 664 1173 ex
691 1115 873 1191 marginibus
903 1115 1117 1191 exemplarium
1140 1114 1173 1175 in
1194 1118 1288 1176 verba

258 1217 413 1294 scriptoris
444 1217 689 1293 immigraverint.
744 1221 787 1277 At
825 1219 899 1278 haec
936 1217 1115 1278 emendandi
1146 1219 1221 1278 ratio
1255 1225 1288 1278 ut

259 1340 375 1396 semper
407 1322 469 1380 fere
500 1321 615 1381 lubrica
644 1325 689 1380 θεῖ
720 1326 752 1380 θῖ
777 1320 901 1394 incerta,
936 1320 979 1379 sie
1001 1319 1085 1379 etin
1108 1322 1163 1379 hoc
1185 1321 1287 1380 libello

258 1423 442 1500 gravissimis
463 1423 700 1484 dubitationibus
723 1422 853 1482 obnoxia
874 1421 994 1482 videtur
1016 1442 1088 1481 esse.
1127 1423 1202 1481 Nam
1224 1423 1285 1499 pri·

257 1547 337 1586 mum
368 1526 487 1605 quidem
517 1527 632 1586 nullum
663 1525 785 1586 omnino
813 1532 931 1603 praesto
961 1531 1007 1585 est
1036 1524 1194 1599 indicium,
1227 1545 1286 1605 qno

259 1629 393 1689 Caesaris
425 1629 651 1688 commentarios
681 1628 714 1687 in
744 1628 845 1689 schola
874 1632 1015 1687 tractatos
1045 1647 1109 1687 esse
1134 1629 1285 1704 probetur.

258 1731 380 1789 Nullum
403 1732 522 1790 omnino
545 1731 792 1790 scholiorum
814 1735 898 1790 extat
912 1729 1083 1804 vestigium.
1120 1731 1194 1789 Fere
1210 1751 1285 1790 nun-

259 1853 347 1912 quam
369 1833 502 1892 Caesaris
532 1832 696 1931 auotoritag
719 1835 798 1910 apud
821 1833 1026 1910 grammaticos
1050 1833 1098 1891 vel
1120 1834 1286 1893 rhetoricae

258 1936 331 1995 artis
358 1935 515 2011 magistros
545 1938 702 2014 profertur.
747 1935 837 1995 Nulla
868 1936 975 1995 deinde
1001 1935 1165 2010 excogitari
1186 1942 1286 2014 potest

259 2058 354 2112 causa,
382 2057 439 2120 qua
463 2038 582 2098 adducti
604 2040 684 2098 huno
706 2038 892 2116 potissimum
915 2038 946 2096 in
969 2039 1069 2098 schola
1090 2039 1287 2099 tractaverint

258 2141 394 2218 magistri
414 2142 666 2215 commentarium,
689 2162 728 2200 ex
743 2161 800 2221 quo
817 2141 889 2220 quid
903 2140 1017 2200 discere
1032 2140 1186 2218 potuerint
1199 2141 1286 2220 pueri

255 2245 396 2304 nescitur.
440 2245 583 2319 Magister
614 2244 742 2324 denique
773 2263 859 2323 quam
891 2243 949 2302 sibi
971 2243 1061 2302 finxit
1082 2242 1286 2302 Woelfflinius

255 2368 331 2407 unus
363 2346 494 2406 omnium
525 2347 747 2424 stupidissimus
776 2347 868 2405 fuisse
897 2347 1047 2422 putandus
1078 2352 1137 2418 est,
1173 2345 1287 2425 quippe

257 2451 307 2529 qui
340 2449 514 2526 planissima
543 2469 679 2529 quaeque
711 2449 768 2508 sibi
802 2447 992 2509 adnotaverit
1024 2448 1120 2524 (velut
1143 2449 1171 2524 7,
1200 2453 1218 2506 2
1249 2450 1290 2508 nd

252 2561 357 2628 portus
380 2571 420 2611 sc.
443 2551 546 2630 oppidi
554 2573 561 2622 ;
584 2571 620 2609 ne
641 2555 706 2629 quis
727 2555 864 2610 rhtror'ret
884 2573 923 2613 sc.
946 2552 978 2610 in
1001 2551 1160 2628 oppidum3
1192 2555 1242 2626 85,
1267 2558 1284 2611 3

253 2655 394 2731 proloqui
412 2674 452 2714 sc.
472 2656 579 2728 verba3
604 2660 631 2726 2,
649 2661 666 2712 3
690 2656 816 2733 reliquus
837 2675 877 2716 sc.
894 2675 1003 2728 naves;
1029 2659 1077 2730 51,
1095 2662 1112 2713 6
1136 2675 1209 2734 quoe
1223 2657 1289 2714 daci

256 2775 295 2815 sc.
319 2761 389 2816 ante
412 2757 496 2837 eqa),
527 2759 651 2816 obscura
682 2763 780 2818 autem
811 2759 890 2817 haud
920 2759 1011 2819 stulte
1035 2739 1169 2818 omiserit
1190 2758 1288 2836 (velut

258 2859 330 2939 quid
352 2860 393 2919 sit
414 2869 596 2937 catascopus,
615 2880 702 2939 pyra,
726 2862 920 2938 supercilium,
943 2861 1068 2936 similia3
1091 2861 1158 2941 quis
1173 2861 1237 2938 (19,
1253 2861 1285 2940 4)

256 2962 387 3022 Africam
410 2962 546 3038 attigerit
567 2963 652 3043 equ).

341 3067 449 3145 Itaque
471 3068 545 3126 haec
568 3066 670 3143 opinio
693 3066 775 3126 omni
798 3072 879 3127 caret
900 3068 1121 3145 probabilitate.

341 3170 404 3227 Iam
437 3174 535 3230 autem
564 3170 590 3228 si
622 3170 791 3250 quaerimus
823 3170 932 3249 quibus
954 3190 1025 3230 usus
1047 3170 1214 3230 rationibus
1235 3172 1284 3232 W.

254 3270 502 3346 interpolationes
530 3272 776 3350 investigaverit,
807 3275 861 3333 has
886 3273 1073 3350 potissimum
1095 3273 1284 3335 invenimus:

255 3372 384 3448 primum
401 3373 519 3451 quidem
542 3374 697 3436 delevit
724 3358 992 3456 quaecumque
1013 3378 1225 3454 superflua
1247 3377 1284 3436 ei

255 3473 342 3536 visa
361 3481 450 3536 sunt
470 3481 507 3536 et
526 3479 696 3539 molesta.
727 3480 907 3539 Huiusmodi
918 3484 1015 3538 autem
1026 3479 1285 3556 interpolamenta,

255 3577 281 3636 si
292 3577 408 3638 codices
418 3579 529 3639 nullam
540 3582 684 3656 praebent
692 3601 793 3642 ansam
804 3589 921 3655 certam,
931 3603 970 3642 ex
980 3582 1149 3643 coniectura
1158 3582 1284 3644 investi·

255 3700 334 3757 gare,
350 3680 409 3740 nisi
428 3702 514 3741 causa
525 3703 576 3743 cur
586 3683 698 3744 inserta
709 3684 772 3744 sint
784 3691 874 3761 patet,
890 3705 1007 3762 semper
1018 3706 1067 3746 res
1080 3691 1125 3745 est
1137 3685 1285 3762 ambigua,

256 3788 287 3843 et
318 3785 494 3864 plerumque
517 3786 593 3845 nihil
615 3787 734 3847 omnino
756 3788 830 3848 certi
853 3789 1048 3848 demonstrari
1070 3788 1189 3866 poterit.
1232 3790 1283 3847 In·

255 3887 360 3961 primis
390 3888 507 3964 saepius
533 3890 649 3950 labetur
671 3889 696 3948 is
719 3890 769 3968 qui
793 3895 828 3950 ut
849 3892 897 3951 W.
920 3892 993 3952 fecit
1014 3912 1073 3951 non
1098 3892 1163 3951 siue
1184 3891 1282 3951 studio

256 3993 286 4047 θῖ
322 3991 463 4066 opinione
499 3997 715 4070 praeoccupata
752 3995 791 4053 ad
822 3996 899 4053 hanc
933 4014 993 4054 rem
1029 4015 1185 4072 aggressus
1218 3995 1282 4055 erit.
