2872 4778
551 303 763 379 ...61⁶-

135 480 292 544 iunctivus
310 489 436 563 propter
452 485 615 546 orationem
631 485 782 564 obliquam
800 505 858 564 qua
873 484 1006 545 Caesaris
1021 484 1169 546 sententia

137 589 265 648 refertur
287 588 487 649 necessarius:
511 591 621 648 Caesar
636 623 677 634 -
693 592 808 648 nuntios
822 608 885 648 cum
902 590 1008 647 litteris
1022 621 1064 633 -
1080 591 1110 649 in
1126 623 1167 649 .-

135 692 302 768 prom'noiuo
323 691 473 768 findimus
503 692 621 762 dimisit,
648 700 681 750 ut
700 691 759 750 siti
778 693 892 750 auat'lt'u
923 724 965 736 —-
997 692 1168 769 simulatque

137 794 253 852 litteras
283 794 421 871 legataent
450 795 585 852 mittenda
617 804 764 853 curarent.
812 794 937 854 Accedit
967 795 1046 873 quod
1073 794 1167 852 inter·

138 896 255 972 polator
277 894 329 955 ille
351 895 426 955 mira
448 897 558 956 astutia
581 916 643 954 cum
667 896 816 956 constanti
831 897 893 955 fere
907 896 998 956 huius
1013 896 1167 972 scriptoris

137 1018 193 1057 usu
230 999 385 1058 observato
423 1006 492 1059 ante
529 1000 629 1075 ipsum
659 1002 783 1059 verbum
812 999 940 1058 inseruit
971 1020 988 1059 a
1019 999 1167 1076 particula

136 1109 284 1177 postquam
302 1120 391 1178 quam
407 1104 563 1162 emendare
579 1101 676 1163 voluit
690 1101 778 1177 longo
794 1100 953 1162 intervallo
968 1101 1149 1161 disiunctum
1158 1127 1166 1177 ;

139 1202 191 1262 cfr.
217 1206 265 1277 14,
290 1208 308 1260 2
341 1223 402 1262 oum
425 1223 600 1263 concurrere
622 1212 816 1275 concreatum
849 1204 899 1276 70,
922 1209 939 1261 4
963 1223 1026 1262 oum
1048 1224 1079 1262 oe
1101 1223 1169 1261 eon·

136 1307 303 1379 vestimen&
340 1312 368 1380 6,
396 1311 410 1365 1
443 1325 506 1364 oum
537 1325 648 1365 mouere
677 1307 777 1381 aeltet;
814 1311 860 1380 11,
889 1311 903 1363 1
935 1325 997 1364 cum
1018 1305 1171 1384 proficisci

139 1418 312 1481 concretum
335 1414 419 1483 222
442 1442 485 1455 -
501 1428 562 1467 cum
577 1409 690 1487 easetl)
706 1429 768 1488 eqs.
799 1410 906 1487 Itaque
929 1408 955 1468 si
979 1409 1051 1487 quid
1066 1427 1168 1484 super·

131 1509 231 1570 -fluum
254 1516 342 1582 esset,
365 1516 445 1572 certo
467 1511 550 1587 prior
571 1511 719 1588 particula
740 1512 839 1572 locum
861 1517 965 1570 tenere
984 1531 1044 1570 non
1059 1515 1167 1587 potest.

138 1611 195 1670 Sed
218 1613 285 1691 quis
309 1633 373 1672 eam
394 1613 494 1673 delere
516 1611 616 1674 ausit?

226 1719 276 1790 51,
299 1721 318 1774 6
350 1717 415 1774 dum
448 1716 519 1775 daeo
541 1735 640 1793 opera,
672 1736 744 1794 quae
766 1713 861 1796 [aute]
886 1716 959 1787 deut,
975 1714 1092 1791 stabunt
1114 1749 1165 1772 —.

223 1818 362 1896 Respicit
394 1825 498 1879 auctor
530 1821 568 1879 sd
600 1821 692 1879 verba
724 1818 757 1877 in
790 1818 878 1878 initio
911 1818 1019 1897 capitis
1052 1817 1168 1896 posita:

141 1921 251 1978 Caesar
287 1922 449 1998 legionibus
483 1941 571 2000 opera
604 1921 755 1980 distribuit
787 1931 873 1999 utque
905 1931 1004 1980 eastra
1039 1923 1167 1993 muniuit,

142 2040 217 2100 quae
249 2042 340 2100 opera
362 2024 502 2103 deinceps
525 2022 554 2103 (ᾖ
579 2024 612 2103 2)
635 2030 853 2084 enumerantur.
897 2024 1040 2102 Sequitur
1062 2023 1170 2082 deinde

142 2123 158 2201 ἓ
182 2131 200 2185 3
231 2126 307 2186 ratio
339 2126 404 2187 eius
425 2127 488 2187 roi:
520 2133 599 2187 errat
620 2127 714 2202 igitur
735 2128 785 2189 W.
808 2146 874 2185 cum
897 2128 989 2185 verba
1011 2145 1083 2204 quae
1104 2133 1170 2183 ante

141 2230 207 2286 dani
226 2230 265 2288 ad
286 2229 424 2306 proximo
446 2230 653 2291 antecedentia
676 2228 711 2308 ἓξ
733 2234 761 2303 2,
784 2234 803 2288 3
826 2230 938 2288 referat
960 2234 991 2288 et
1011 2231 1170 2304 propterea

140 2336 192 2390 aut
213 2334 314 2409 paullo
336 2342 403 2391 unte
424 2333 582 2393 dicendum
604 2338 656 2392 aut
678 2342 745 2391 unte
767 2331 963 2391 omittendum
985 2330 1077 2389 finisse
1099 2347 1167 2388 ocn-

140 2438 213 2495 soat.
255 2434 402 2496 Similiter
432 2441 523 2510 69,4
555 2446 639 2514 atque
667 2435 764 2494 eudem
795 2435 908 2493 ratione
936 2452 992 2512 qua
1019 2441 1086 2491 ante
1108 2431 1173 2490 deni

142 2540 243 2596 auctor
258 2540 296 2597 ad
310 2539 455 2599 rationem
471 2543 587 2616 spectat
601 2559 690 2618 quam
705 2538 920 2615 explanaverat
935 2541 985 2609 69,
1003 2540 1031 2596 1.
1063 2537 1171 2613 ltaque

143 2655 159 2694 a
175 2637 223 2699 W.
237 2640 468 2703 ratiocinatione
490 2643 547 2702 hoc
568 2643 632 2702 looo
647 2641 812 2703 certissime
827 2638 969 2699 adverbio
981 2639 1081 2717 paullo
1097 2657 1171 2714 opus

142 2739 256 2817 fuisset,
278 2743 304 2804 si
328 2744 449 2823 quidem
471 2744 600 2820 scriptor
620 2744 717 2820 legem
740 2763 829 2823 quam
852 2742 958 2801 statuit
979 2742 1028 2802 W.
1051 2746 1170 2800 secutus

143 2849 231 2905 esset.
273 2847 332 2906 Sed
353 2853 458 2908 auctor
478 2847 543 2924 ipse
565 2846 643 2906 nihil
663 2846 722 2907 sibi
743 2845 817 2920 legis
839 2844 948 2921 posuit.

230 2953 279 3026 ⁵4,
303 2954 321 3008 3
351 2952 402 3008 esd
429 2951 562 3029 quom'um
591 2951 649 3027 tpss'
675 2947 735 3007 sut
757 2966 847 3025 neque
869 2937 979 3004 modum
1002 2964 1090 3023 neque
1113 2955 1170 3003 ter-

144 3050 247 3109 minum
267 3056 445 3114 conetc'tuuut
459 3087 502 3097 -
515 3063 628 3130 egomet
641 3049 731 3134 [epse]
745 3053 941 3109 documentum
958 3066 1036 3106 more
1050 3047 1174 3106 militari

144 3158 323 3215 constituam.

229 3259 397 3321 Pronomen
428 3264 488 3340 ipsi
507 3262 586 3341 quod
607 3259 695 3320 initio
718 3256 865 3319 enuntiati
888 3256 953 3314 edd.
975 3252 1173 3313 restituerunt

145 3376 184 3415 ex
213 3359 258 3435 D,
292 3362 381 3422 huius
413 3363 528 3423 librarii
559 3363 730 3423 coniectura
760 3368 862 3421 natum
893 3379 956 3419 esse
987 3357 1172 3436 reliquorum

145 3469 269 3537 apparet
298 3465 445 3543 scriptura
474 3468 557 3526 uait
585 3465 629 3543 (et
656 3465 781 3525 fortasse
805 3485 840 3538 n;
872 3465 925 3522 sed
953 3461 986 3520 in
1014 3465 1042 3519 A
1064 3461 1173 3519 desunt

145 3566 238 3624 verba
252 3569 413 3647 undecim),
433 3573 458 3630 n·
470 3570 522 3630 ΠΕ
538 3570 617 3649 quod
631 3568 703 3628 item
719 3565 895 3627 emendandi
910 3564 1008 3624 studio
1024 3561 1171 3638 debetur).

144 3666 251 3748 Itaque
273 3691 339 3732 oum
360 3674 421 3737 iam
442 3674 475 3735 in
498 3673 523 3732 0
544 3673 621 3733 illud
643 3673 690 3730 usi
710 3669 846 3731 extitisse
867 3667 1024 3728 admodum
1040 3664 1080 3725 sit
1093 3663 1173 3724 veri·

145 3821 348 3837 κ

217 3910 242 3976 1)
260 3913 290 3959 ln
311 3920 454 3964 transcursu
470 3913 559 3960 addam
576 3912 650 3959 huius
668 3923 726 3958 nsua
743 3906 860 3956 notabilis
877 3907 903 3952 iu
920 3903 1034 3967 genuinis
1052 3899 1173 3950 Pollionis

147 4004 245 4066 scriptis
262 4003 428 4051 animadverti
448 4015 494 4048 nco
512 4000 595 4047 volam
612 4012 657 4045 nec
673 3994 813 4056 vestigium.
