2872 4778
691 324 904 398 ..lgm

368 505 475 583 Itaque
518 504 654 565 omuibus
687 507 748 564 sere
782 505 828 564 his
862 505 933 565 locis
967 505 1105 566 librarius
1144 505 1254 565 codicis
1288 506 1313 563 L

284 608 389 667 menda
421 628 496 686 quae
527 607 696 667 extiterunt
723 608 757 667 iu
786 609 802 665 λ
829 608 999 668 coniectura
1028 608 1203 686 plerumque
1231 607 1314 666 felici
1409 643 1413 651 .

284 710 389 770 tollere
426 711 549 771 studuit.
616 711 787 790 Eademque
823 716 922 770 sutem
959 711 1012 772 PV
1048 710 1178 771 fideliter
1213 730 1314 770 serva·

285 819 403 873 verunt.

370 918 477 995 Itaque
508 935 566 995 quo
595 916 687 976 luerit
708 915 849 978 librarius
871 916 981 976 codicis
1004 919 1028 976 L
1051 915 1181 991 ingenio,
1213 915 1315 993 aliqua

284 1020 388 1078 saltem
412 1038 451 1078 ex
472 1024 557 1094 parte
578 1018 638 1077 iam
660 1037 740 1078 nunc
761 1018 911 1094 cognitum
934 1018 1085 1078 habemus.

370 1141 433 1199 lam
457 1145 640 1199 transeamus
663 1139 701 1198 ad
721 1138 863 1198 familiam
884 1140 1016 1202 alteram.
1053 1139 1144 1199 (luins
1159 1140 1195 1199 de
1211 1128 1314 1198 arche·

284 1240 398 1318 typoll
427 1261 492 1301 oum
521 1241 664 1301 iudicium
693 1242 847 1302 ferendum
877 1241 925 1316 sit,
959 1242 991 1301 in
1021 1242 1192 1302 universum
1223 1240 1314 1301 aesti-

284 1344 436 1403 mantibus
465 1343 588 1404 dubium
618 1364 682 1404 esse
711 1364 772 1403 non
800 1349 908 1421 potest,
939 1344 1011 1424 quin
1042 1345 1134 1404 fuerit
1163 1343 1264 1405 codiee
1294 1367 1313 1403 α

285 1448 380 1506 multo
411 1446 506 1523 magis
536 1453 567 1506 et
596 1447 773 1523 corruptelis
796 1451 826 1505 et
848 1446 1129 1523 interpolationibus
1151 1452 1314 1523 temptatus

287 1551 353 1626 (cfr.
384 1570 451 1625 pag.
484 1548 546 1628 39).
598 1551 723 1610 Accedit
755 1550 835 1629 quod
868 1548 968 1609 omnia
999 1549 1058 1610 tria
1089 1549 1178 1609 huius
1210 1549 1314 1625 stirpis

285 1651 423 1727 exempla
437 1651 517 1709 UFD
539 1652 625 1711 nobis
648 1671 687 1712 ex
712 1652 864 1712 Duebueri
889 1652 1097 1712 collationibus
1117 1658 1188 1713 nota
1210 1654 1313 1712 arche·

285 1753 352 1831 typi
375 1751 395 1830 β
417 1753 593 1830 scripturam
616 1775 676 1814 nou
698 1774 772 1831 pure
793 1755 994 1829 reddiderunt,
1017 1757 1068 1814 sed
1083 1755 1143 1814 alia
1157 1755 1232 1833 plus,
1255 1755 1314 1814 alia

286 1858 383 1914 miuus
414 1854 674 1915 contaminationis
696 1876 735 1917 ex
757 1856 878 1916 alterius
900 1857 1119 1934 exemplaribus
1140 1878 1227 1934 passa
1248 1876 1314 1916 esse

285 1958 435 2021 videntur.
480 1957 566 2021 Quod
590 1979 678 2038 quam
701 1961 828 2019 maxime
850 1960 929 2019 cadit
951 1961 983 2020 in
1006 1960 1049 2020 D:
1070 1981 1139 2020 nom
1163 1960 1215 2021 ΠΡ
1237 1960 1315 2020 sicut

284 2062 343 2120 iam
367 2062 414 2122 W.
442 2061 596 2123 intellexit
616 2063 766 2124 artissimo
789 2064 910 2125 viuculo
934 2064 1085 2124 coniuncti
1106 2068 1185 2138 sunt,
1215 2063 1258 2122 itu
1279 2069 1314 2122 ut

286 2170 444 2244 utrumque
467 2186 507 2225 ex
529 2186 589 2226 uno
612 2167 775 2247 eodemque
798 2167 934 2244 exemplo
956 2167 1081 2226 fluxisse
1102 2187 1156 2246 pro
1178 2172 1258 2226 certo
1274 2165 1314 2225 sit

286 2269 486 2329 statuendum.
530 2269 589 2328 Sed
610 2269 643 2328 in
666 2269 693 2327 D
716 2268 826 2344 viginti
848 2271 911 2329 fers
932 2269 1005 2329 locis
1027 2271 1058 2329 in
1081 2289 1183 2330 rasura
1204 2269 1314 2329 codicis

287 2370 413 2429 alicuius
434 2370 517 2430 illius
538 2371 670 2431 familiae
692 2371 839 2449 scriptura
861 2371 979 2448 legitur,
1003 2373 1054 2431 ubi
1070 2374 1106 2431 ab
1120 2371 1209 2432 initio
1224 2372 1314 2432 lectio

287 2473 395 2532 codicis
426 2471 564 2549 pluerat
586 2477 715 2548 exarata,
743 2475 827 2534 velut
852 2480 899 2549 15,
926 2480 938 2534 1
965 2477 1011 2557 D1
1037 2496 1102 2536 oum
1126 2475 1197 2536 UF:
1227 2493 1315 2534 conu-

287 2583 343 2633 tur.
385 2576 431 2654 Ι),
457 2595 530 2638 cum,
548 2597 582 2636 c:
604 2596 660 2634 non
683 2587 811 2636 conatur.
849 2582 895 2652 19,
919 2580 1006 2661 91)ι
1032 2599 1098 2638 cnm
1119 2578 1188 2639 UF:
1211 2581 1315 2638 coado-

287 2687 396 2736 cuerot.
447 2677 492 2758 D²
527 2697 592 2738 oum
622 2701 657 2738 a:
695 2681 898 2741 cundrils'cerut.
952 2686 1001 2755 20,
1026 2682 1112 2762 21)1
1148 2701 1215 2741 oum
1244 2681 1314 2741 UF:

287 2782 378 2840 caius.
422 2781 467 2860 D2
494 2800 559 2839 cum
582 2803 619 2841 a:
649 2801 769 2860 quorum
793 2803 854 2863 eqs.
899 2784 936 2843 Id
965 2790 1063 2844 autem
1093 2785 1245 2862 exemplar
1275 2803 1315 2844 ex

288 2902 346 2961 quo
376 2883 403 2940 D
434 2887 582 2944 correctus
612 2889 656 2944 est
685 2885 776 2945 fluxit
806 2892 858 2946 aut
882 2906 921 2946 ex
942 2887 1007 2966 ipso
1030 2892 1054 2944 Δ
1079 2891 1131 2947 aut
1152 2907 1190 2947 ax
1212 2886 1315 2947 codice

288 2986 358 3045 huic
380 2986 598 3062 cognatissimo.
642 2988 728 3049 Facit
758 2989 836 3048 enirn
868 3009 934 3048 cum
955 2992 985 3049 A
1007 2989 1080 3050 locis
1102 2989 1313 3068 sequentibus:

497 3160 572 3240 AD,
949 3161 1059 3241 reliqui
1081 3165 1112 3221 et
1133 3161 1177 3242 D1

291 3277 465 3349 &4mn
816 3279 863 3345 m

290 3383 318 3452 8,
342 3383 358 3435 5
383 3380 462 3455 regis
800 3383 894 3457 ¹regis
917 3402 981 3442 esse

291 3486 339 3555 19,
363 3488 380 3540 3
405 3482 517 3561 quippe
799 3461 926 3564 lquippe
949 3486 1016 3566 quis

292 3590 339 3658 19,
363 3592 379 3644 3
404 3605 541 3665 equoque
564 3587 609 3647 uti
632 3589 746 3648 frenato
799 3572 859 3675 ]uti
880 3589 996 3649 frenato

292 3693 339 3760 19,
363 3695 380 3747 3
405 3689 591 3766 conscriptae
614 3697 645 3751 et
800 3678 999 3768 loonsoriptae
1021 3713 1059 3752 ex

290 3796 338 3864 50,
363 3797 381 3849 2
404 3795 438 3850 ut
459 3799 612 3871 praeterea
817 3798 848 3852 et
867 3800 1020 3871 praeterea

290 3899 339 3968 58,
363 3901 380 3953 4
406 3898 564 3956 verebatur
815 3898 1047 3978 vertebaturque
1080 3903 1141 3980 ⁰1·
1193 3902 1317 3961 vereba-

858 4007 967 4082 turque
993 4004 1043 4062 HF
