2872 4778
595 286 830 353 -102-

197 460 261 520 tivo
293 480 436 539 suspenso
466 460 500 520 in
531 480 565 520 eo
595 459 754 537 scriptore,
789 460 841 539 qui
871 459 1002 537 exempli
1031 445 1129 536 gratia
1151 460 1230 521 dixit

199 570 249 636 26,
266 570 283 622 2
307 564 341 621 de
362 566 594 622 aduersariorum
618 567 680 622 cias
702 563 889 638 erudclr'tot03
915 569 965 638 32,
983 567 997 622 l
1017 565 1230 641 desperotrbne-

198 687 251 745 quc
276 665 451 747 [exercitas]
476 667 624 739 Cacscrr'r3
648 665 713 726 sim.
740 671 787 740 13,
811 672 846 738 23
870 671 920 740 28,
938 672 973 740 23
998 671 1047 740 52,
1064 672 1101 740 25
1127 672 1176 741 60,
1193 674 1230 742 2;

199 774 235 841 43
259 775 310 844 62,
333 775 360 843 2,
385 769 479 828 etsie
501 767 629 844 saepius.

285 872 360 931 Turn
383 871 473 932 tertia
495 870 632 952 sequitur
654 871 787 932 Caesaris
809 872 935 932 fiduciae
958 892 1055 945 causa,
1078 856 1178 949 posita
1199 873 1231 931 iu

111 1033 112 1037 ,
200 975 327 1052 egregiis
350 979 511 1035 aestrorum
534 973 760 1049 munitionibus,
788 993 862 1053 qaae
883 975 930 1032 ool
949 978 1010 1033 crire
1032 974 1232 1054 defensoribus

199 1080 306 1138 aditam
340 1079 516 1137 adversantis
543 1076 745 1154 prohibebant.
803 1076 909 1136 Omnia
941 1079 1016 1138 hacc
1048 1084 1120 1138 aunt
1153 1085 1230 1155 apta.

200 1182 303 1257 Pergit
324 1186 423 1242 autem
445 1185 648 1253 excusaturus,
670 1200 722 1240 eur
741 1181 846 1240 Caesar
868 1186 908 1240 et
930 1186 1069 1241 castra
1092 1187 1231 1242 tanto·
1273 1175 1276 1181 ’

201 1304 293 1363 pere
322 1283 533 1358 munierit,
563 1303 634 1343 nec
656 1283 793 1360 copias
814 1283 854 1342 in
877 1284 1001 1344 aciem
1024 1286 1231 1346 eduxerit

200 1389 282 1448 Haeo
305 1392 404 1448 autem
427 1406 502 1466 quae
525 1405 666 1446 excusare
688 1387 788 1446 studet
811 1386 866 1446 etsi
888 1386 992 1449 verbis
1016 1392 1087 1446 sunt
1113 1387 1232 1447 diversa

200 1494 237 1551 cd
266 1492 344 1552 idem
374 1492 508 1561 redeunt,
538 1489 589 1552 vel
620 1488 663 1549 sio
688 1497 857 1565 comparata
879 1499 956 1562 sunt,
988 1495 1021 1550 ut
1043 1490 1172 1549 alterum
1196 1510 1233 1548 ex

201 1597 295 1656 altero
317 1597 473 1673 sequatur:
496 1597 654 1671 utrumque
676 1591 771 1668 igitur
792 1594 895 1652 eadem
918 1592 1090 1652 defenditur
1107 1593 1232 1666 ratione,

201 1698 247 1756 sui
279 1696 393 1756 scilicet
423 1695 572 1756 exercitus
594 1694 734 1755 tirocinio
757 1699 787 1755 et
809 1695 966 1774 paucitate,
997 1701 1233 1775 propterquam

202 1801 308 1859 Caesar
330 1798 441 1874 optimo
463 1797 528 1856 iure
551 1796 612 1856 acie
634 1797 782 1860 instructo
796 1800 948 1858 decertare
963 1800 1132 1859 verebatur.
1167 1799 1233 1858 Hoc

201 1900 377 1980 peritissimi
399 1899 589 1977 imperatoris
612 1901 739 1961 ducendi
762 1901 835 1962 belli
857 1900 1014 1961 consilium
1036 1900 1087 1960 hio
1105 1901 1234 1977 scriptor

201 2008 274 2066 adeo
308 2025 366 2064 non
398 2004 515 2078 laudat,
548 2009 582 2064 ut
613 2010 716 2064 contra
749 2006 950 2064 excusandum
980 2006 1075 2082 putet.
1125 2006 1233 2083 Itaque

202 2109 308 2168 mirum
340 2127 399 2167 non
429 2114 475 2168 est
504 2112 538 2166 ut
569 2106 700 2167 rationes
721 2109 758 2167 ab
781 2127 816 2166 eo
838 2108 967 2184 prolatas
990 2107 1032 2166 ita
1055 2106 1144 2166 etiam
1167 2106 1235 2184 ipsa

202 2210 356 2272 enuntiata
371 2209 535 2272 contortius
551 2231 590 2270 ne
606 2210 701 2270 dicam
716 2209 828 2270 insulse
844 2230 907 2270 esse
922 2209 1093 2287 composita.
1127 2210 1234 2270 Refert

202 2314 282 2374 euim
304 2315 394 2374 haec:
416 2324 500 2392 atque
516 2315 586 2372 daeo
598 2322 721 2390 propter
736 2315 880 2372 euerritur
893 2315 943 2372 rui
952 2316 1117 2390 praesentis
1129 2317 1234 2390 pauci·

203 2427 287 2476 tutem
319 2427 347 2474 et
373 2419 535 2476 tr'rocr'm'um
558 2425 801 2494 praeparaverat,
834 2435 891 2475 noa
914 2417 1035 2475 bostium
1059 2418 1090 2474 oi
1108 2425 1138 2473 et
1159 2426 1234 2474 metu

203 2529 357 2578 connectas
383 2521 537 2594 potientem
566 2538 597 2577 se
627 2520 808 2598 re‘matomqoe
837 2520 959 2578 hosa‘anr
991 2521 1123 2597 opririonr'
1145 2538 1234 2597 proe-

205 2620 303 2681 bebat:
335 2640 422 2680 causa
453 2641 541 2698 quam
571 2620 691 2681 disertis
721 2623 820 2682 verbis
852 2621 953 2697 reicit,
984 2621 1086 2683 verbis
1110 2622 1234 2682 mutatis

205 2725 306 2784 eadem
330 2726 375 2783 est
398 2743 432 2783 ac
454 2722 507 2784 illa
530 2744 617 2803 quam
640 2727 828 2804 comprobat:
851 2729 974 2802 propter
997 2725 1147 2785 exercitus
1164 2746 1235 2785 con·

204 2827 352 2888 dicionem
375 2825 438 2903 (19,
462 2827 494 2905 2)
519 2828 625 2889 Cacsar
653 2827 783 2888 hostium
814 2827 1002 2889 multitudini
1032 2828 1115 2888 nullo
1145 2831 1233 2888 modo

204 2951 258 3008 par
280 2950 343 2990 esse
366 2932 471 3008 potuit.
507 2929 606 2994 Quid?
629 2932 708 3010 quod
731 2933 854 2991 eandem
876 2931 1006 2991 hostium
1030 2931 1092 2992 vim
1116 2932 1233 3003 metuit,

205 3055 271 3094 oum
294 3055 394 3095 omnes
417 3036 444 3095 ei
467 3038 586 3111 praesto
610 3039 709 3094 essent
731 3033 832 3110 copiae
855 3034 933 3112 (cap.
956 3035 1012 3108 71;
1036 3035 1100 3114 72).

291 3137 408 3199 Deinde
431 3158 572 3199 excusare
594 3139 701 3211 studet,
730 3156 782 3197 our
804 3137 912 3197 Caesar
933 3137 996 3220 acie
1019 3157 1080 3198 non
1103 3139 1235 3198 decerta·

206 3240 293 3301 verit.
331 3242 426 3301 Causa
447 3247 481 3301 ut
502 3240 563 3299 iam
586 3240 710 3316 exposui
734 3240 834 3299 ecdem
858 3246 903 3298 eat
925 3258 959 3299 ao
973 3240 1075 3316 prior:
1098 3241 1235 3301 hostibus

206 3342 305 3419 copias
335 3363 401 3401 suas
431 3362 517 3420 pares
547 3361 606 3401 nou
633 3361 697 3402 esse
725 3346 927 3418 perspexerat.
972 3342 1162 3419 rescriptor
1184 3342 1236 3402 hic

208 3446 332 3506 eandem
353 3465 480 3519 oausam,
504 3464 591 3523 quam
607 3449 695 3504 antea
710 3446 811 3504 eadem
827 3444 859 3502 in
874 3463 907 3503 re
923 3452 1109 3505 concesserat
1122 3445 1236 3524 (copia-

207 3570 272 3610 rum
295 3548 446 3625 paucitate
467 3553 497 3607 et
519 3545 657 3608 tirocinio
673 3548 826 3607 Gaesarem
849 3547 960 3607 bellum
977 3549 1085 3608 ducere
1102 3554 1236 3608 eoactum

212 3652 296 3730 esse),
318 3649 438 3729 proprie
459 3650 548 3711 reicit
570 3655 601 3710 et
623 3669 739 3711 oausam
762 3648 845 3710 addit
859 3670 935 3729 quae
951 3651 1023 3730 quid
1038 3651 1145 3725 valeat,
1170 3671 1237 3712 oum

209 3757 314 3816 Caesar
336 3753 483 3835 proelium
505 3753 582 3814 inire
605 3752 724 3813 omnino
748 3773 807 3812 non
822 3753 964 3829 potuerit,
988 3753 1040 3813 clii
1056 3753 1236 3815 diiudicent:

209 3879 298 3936 neque
327 3858 433 3917 idcr'rao
466 3859 565 3936 copias
595 3855 778 3938 [quamquam
804 3867 889 3916 crant
906 3877 1020 3935 paucae
1043 3855 1234 3936 arenamque]

209 3980 266 4019 non
294 3960 430 4019 educebat
458 3962 488 4019 in
511 3962 612 4031 aorem,
646 3961 722 4038 qaod
743 3962 884 4020 victoriae
905 3979 1058 4019 suorum
1081 3958 1233 4038 dffderet,
