2872 4778
560 354 774 426 ..45-

148 537 276 612 uterquo
306 534 401 593 codex
429 533 604 610 singillatim
634 536 786 596 derivatus
816 535 871 609 511,
900 556 938 595 an
965 537 990 595 L
1013 556 1030 596 5
1053 538 1092 611 P,
1124 535 1175 616 qui

149 643 212 695 tum
243 637 321 696 55155
350 635 475 697 fluxerit
497 656 513 696 5
535 658 566 698 π.
611 639 745 698 Fuerunt
770 638 829 698 viri
852 639 930 699 docti
954 639 1007 718 qui
1028 641 1085 699 hoo
1107 659 1176 700 oon·

149 740 314 799 tonderent.
359 739 416 798 sed
448 741 556 800 adsunt
586 741 723 819 quamvis
753 742 835 800 haud
863 741 907 801 ita
936 742 1023 802 multi
1045 741 1101 801 1551
1125 743 1174 821 qui

149 842 226 900 hanc
255 842 432 901 sententiam
463 843 566 902 falsam
597 863 660 902 5555
691 844 808 903 docent.
852 845 1074 925 Nonnunquam
1097 844 1175 902 enim

151 943 173 999 L
197 949 227 1002 et
248 944 276 1002 V
304 945 504 1017 consentiunt,
534 946 585 1005 ubi
617 967 636 1003 υ
659 951 689 1005 51
711 967 733 1004 rc
764 950 887 1006 eandem
910 947 1081 1024 praebuisse
1104 947 1175 1006 5551-

149 1051 267 1122 pturam
295 1054 427 1124 apparot.
471 1047 602 1107 Librarii
633 1053 731 1108 autem
760 1049 870 1111 codicia
899 1050 923 1106 P
952 1050 1016 1109 sivo
1042 1049 1176 1109 socordia

148 1148 212 1208 eive
235 1150 411 1209 amandandi
434 1151 531 1210 studio
554 1152 664 1211 factum
688 1157 741 1225 551,
772 1158 806 1212 ut
828 1153 886 1212 alia
907 1152 1120 1213 transcriberet
1143 1171 1176 1211 ao

148 1250 181 1310 in
202 1272 225 1309 π
247 1252 414 1313 inveniret:

375 1407 429 1468 LV

153 1528 199 1596 10,
223 1528 241 1582 4
265 1530 384 1602 omnea†

153 1630 200 1699 11,
224 1632 241 1684 3
265 1628 506 1707 equitatumque†

152 1732 200 1802 14,
227 1734 239 1787 1
266 1725 436 1808 equitatus*

150 1836 200 1906 28,
225 1836 239 1890 1
265 1827 406 1892 adortus*

151 1938 199 2008 33,
225 1938 239 1993 1
265 1931 466 2010 praesidium*

151 2041 198 2109 31,
223 2043 240 2095 2
263 2037 344 2097 intra
365 2033 566 2098 munitiones*

151 2144 200 2210 33,
223 2144 241 2198 4
266 2139 420 2219 5515511551

151 2247 200 2316 40,
224 2246 241 2299 5
265 2243 422 2319 partienda

148 2348 187 2401 43
210 2341 357 2404 admotis*

148 2449 196 2520 44,
222 2451 240 2503 2
263 2441 419 2507 veterani*

148 2553 196 2622 54,
222 2552 239 2605 5
262 2549 293 2607 in
315 2568 382 2607 meo
405 2542 579 2620 exercitui*

147 2655 195 2725 54,
220 2657 237 2710 5
261 2647 385 2712 abesse*

148 2753 196 2827 57,
220 2758 238 2811 2
261 2755 436 2831 praeterea*

147 2856 195 2930 57,
217 2860 237 2914 4
261 2858 415 2937 supariuo’s

147 2963 196 3033 59,
219 2963 237 3018 4
262 2966 377 3039 5515551

146 3066 195 3136 61,
219 3068 237 3121 4
261 3062 361 3140 Scipio
382 3064 477 3124 155155

146 3171 195 3240 63,
218 3171 236 3224 3
260 3162 356 3226 nava*

147 3273 195 3342 85,
219 3274 236 3326 2
261 3269 345 3329 5515
367 3263 532 3348 oppidum*

147 3370 195 3446 97,
222 3376 235 3429 1
260 3372 366 3433 Zamae
388 3375 463 3452 (euru
486 3374 530 3452 A)

145 3479 195 3550 98,
220 3479 234 3533 1
260 3479 312 3553 551

145 3583 195 3653 98,
219 3584 237 3637 2
260 3575 529 3640 duodetricesimo*

912 1411 938 1469 P

675 1524 830 1584 hominos*

675 1627 889 1707 equitumque*

676 1729 810 1809 equitea’s

674 1831 706 1890 id
728 1833 868 1912 adortus†

676 1937 848 2016 praedium

675 2039 706 2097 in
729 2039 929 2111 munitionos†

675 2140 820 2200 celerius*

676 2248 845 2320 5555551511

674 2346 790 2424 5551151

675 2448 789 2527 5515511

674 2569 738 2609 mco
761 2549 896 2609 exercitu

673 2672 737 2713 5555
760 2654 834 2730 (oum
859 2654 895 2730 1))

673 2759 811 2833 55551551
899 2781 900 2784 “

672 2854 848 2934 superbius*

673 2957 772 3020 enim*

672 3061 787 3141 1551551

673 3172 783 3245 555551

670 3271 703 3330 15
726 3268 869 3346 oppidum
892 3272 942 3346 ae†

671 3368 779 3432 Zama*

673 3482 703 3536 et

672 3577 990 3652 duodetricenteoimo’s

228 3717 286 3778 Hie
315 3717 390 3778 15515
417 3721 623 3796 comprobatur
645 3719 671 3779 L
694 3717 824 3779 codicem
846 3734 905 3774 non
929 3712 1054 3772 fluxisse
1077 3732 1115 3772 ax
1138 3714 1171 3785 P,

144 3822 195 3882 sod
218 3826 378 3901 utrumque
400 3821 514 3898 paritor
536 3823 747 3901 transcriptum
771 3838 833 3878 5555
856 3837 872 3876 5
895 3816 997 3876 codice
1019 3835 1051 3874 π.
1090 3812 1172 3876 Quae

143 3943 191 3985 555
220 3925 288 3987 ideo
320 3931 365 3985 551
393 3925 558 3985 diiudicata
580 3925 741 3998 difficilior,
772 3922 850 4000 quod
873 3920 898 3977 L
921 3917 1078 3995 permultis
1099 3916 1172 3978 15515

143 4029 279 4091 foedatus
302 4034 348 4091 551
369 4029 548 4089 coniecturis
570 4028 763 4109 5555555515,
786 4024 903 4102 saepius
918 4022 1010 4082 151515.
1044 4021 1084 4082 Et
1099 4039 1172 4081 non·
