2932 4784
627 354 839 433 ...33⁴

215 535 356 601 mendum
372 535 543 600 conicetura
556 540 703 600 sustinere
719 547 852 615 oonatur,
868 560 934 601 oum
946 540 1076 616 genuina
1086 540 1244 621 archetypi

217 643 365 722 scriptura
394 642 471 701 nihil
501 643 644 720 praebeat
665 643 848 704 offensionis.
892 645 947 705 cfr.
969 644 1061 704 Oioer.
1083 665 1138 722 pro
1160 647 1244 708 Sext.

216 749 300 806 Boeo.
335 747 406 825 quid
433 747 552 803 attinuit
581 763 644 802 eum
675 778 716 789 -
745 749 880 805 nuntiare
908 745 969 804 -?
1012 746 1097 807 Vera.
1121 748 1158 822 V,
1183 755 1243 809 169

217 852 288 927 quid
314 850 434 908 attinuit
461 881 504 891 -—
534 856 561 905 te
583 847 680 906 tubere
701 846 765 906 -?
807 849 885 926 legg.
907 849 949 923 Π,
972 854 1012 908 42
1041 850 1119 909 natat
1142 854 1246 912 attinet

217 971 381 1030 quemquam
403 952 558 1011 nomenari.
1028 1015 1032 1023 ²

303 1059 396 1129 59,4
430 1055 596 1131 Equitotum
620 1053 773 1131 frenatum
807 1056 968 1113 uniuersum
1000 1057 1030 1113 in
1060 1075 1112 1114 suc
1141 1056 1244 1117 metro

216 1176 306 1217 cornu
335 1159 539 1235 disposuerat:
573 1157 721 1215 sentimum
752 1167 876 1216 autem
905 1176 995 1216 cornu
1025 1160 1132 1234 oppido
1158 1160 1244 1218 Uzita

216 1259 414 1332 claudebatur,
440 1279 529 1338 neque
549 1262 758 1336 eratspatium
781 1263 924 1338 equitatus
946 1261 1123 1338 eapta'canda.

300 1365 449 1421 sinistrum
471 1364 544 1421 entia
568 1361 603 1421 0.

301 1467 381 1527 Illud
403 1466 451 1527 W.
474 1463 598 1542 recepit.
641 1469 684 1524 At
706 1465 763 1526 hoe
784 1464 872 1526 unice
893 1466 1059 1526 aununtiate
1081 1466 1243 1528 satisfacit:

216 1587 284 1628 nam
315 1570 408 1629 verba
436 1572 586 1628 sim'strum
609 1603 651 1613 —
673 1570 843 1645 eapticondi
867 1588 922 1646 per
943 1569 1099 1647 parataxin
1126 1589 1243 1630 caueam

216 1671 354 1745 afferunt,
376 1691 429 1730 cur
443 1671 542 1748 Scipio
566 1690 620 1729 om
630 1691 650 1728 n
662 1690 715 1730 em
735 1671 900 1750 equitatum
915 1672 946 1730 in
962 1692 1016 1733 auo
1031 1674 1136 1733 dextro
1152 1692 1243 1732 cornu

215 1773 406 1853 disposuerit,
427 1773 470 1833 ita
491 1779 525 1833 ut
547 1772 762 1832 sententiarum
782 1773 859 1833 ratio
881 1776 955 1834 haec
977 1774 1031 1835 ait:
1054 1775 1159 1835 Caesar
1175 1776 1243 1835 uni·

214 1897 335 1954 versum
367 1875 531 1954 equitatum
560 1874 593 1935 in
624 1877 729 1936 dextro
758 1895 849 1936 cornu
872 1878 1066 1954 disposuerat,
1096 1897 1181 1938 cum
1202 1878 1242 1937 si·

215 1979 341 2040 nietrum
364 1978 475 2055 oppido
497 1979 692 2051 plauderetur,
715 1984 757 2038 ut
779 1998 839 2039 uon
855 1985 933 2040 eeeet
949 1979 1079 2056 epatium
1093 1981 1243 2059 equitatus

214 2083 396 2161 explicandi.

302 2192 351 2261 53,
378 2191 391 2245 1
417 2187 482 2244 dum
506 2186 576 2245 iaec
598 2185 640 2243 ad
662 2188 773 2248 Unitum
793 2195 948 2264 geruntur.

300 2292 408 2349 circum
435 2291 549 2350 Unitum
573 2288 608 2350 0.

300 2394 368 2452 Hoc
389 2411 461 2451 eane
483 2393 646 2452 tenendum
669 2399 723 2452 eet.
763 2393 867 2472 Neque
890 2392 970 2451 euim
994 2392 1156 2472 quidquam
1175 2412 1244 2470 pro-

214 2497 302 2554 batur
322 2494 403 2569 inda,
426 2496 504 2573 quod
527 2494 618 2572 prisci
640 2495 786 2554 sermonis
809 2501 943 2555 auctores
965 2498 1073 2555 circum
1097 2515 1157 2555 non
1175 2495 1244 2554 iun·

214 2602 326 2658 xerunt
347 2596 408 2654 nisi
429 2616 496 2656 cum
517 2577 618 2658 verbis
640 2598 781 2657 movendi
796 2599 856 2676 (W.
871 2600 908 2658 ad
924 2605 951 2672 3,
969 2604 1003 2671 6;
1026 2603 1074 2672 53,
1092 2602 1131 2677 1),
1154 2597 1243 2657 immo

215 2720 282 2759 cum
313 2700 412 2777 ipsum
445 2700 569 2776 gerendi
602 2701 776 2761 vocabulum
808 2707 905 2762 motus
935 2700 1183 2777 significationem
1213 2708 1244 2761 et

215 2803 276 2864 vim
300 2803 460 2876 contineat,
482 2822 542 2862 nou
565 2803 691 2862 multum
715 2803 806 2864 dietat
827 2807 863 2863 ab
879 2805 935 2863 hoe
950 2805 1015 2863 loeo
1030 2805 1110 2884 qued
1124 2803 1244 2881 scripsit

215 2912 318 2968 auctor
349 2911 398 2981 26,
423 2910 437 2965 1
469 2909 643 2984 conscriptis
673 2907 779 2966 litteris
810 2909 919 2967 circum
944 2909 1125 2983 promiseram
1148 2925 1243 2965 omnes

217 3012 346 3070 ciuitates
359 3009 444 3086 fucit
464 3041 506 3054 -
528 3012 676 3069 certiores.
721 3010 776 3071 cir.
798 3015 967 3086 praeterea:
997 3010 1067 3070 bell.
1090 3009 1166 3069 Gall.
1189 3009 1243 3083 VI,

217 3118 307 3186 24,2
339 3132 400 3172 esse
430 3115 538 3171 circum
570 3114 744 3190 Hercyniam
773 3114 887 3170 siluam.
934 3113 1004 3173 bell.
1037 3111 1125 3187 Hiep.
1150 3112 1240 3185 27,2

216 3217 323 3273 cereum
349 3216 469 3274 castello
495 3235 640 3294 proeesse.
689 3218 739 3289 41,
763 3221 780 3274 5
812 3218 958 3275 materiem
979 3219 1087 3275 oeream
1110 3217 1241 3293 oppedum

216 3319 357 3375 succisum
381 3320 458 3376 intro
480 3322 635 3395 congessit.

302 3418 352 3494 76,
376 3424 394 3476 2
417 3419 453 3477 ab
475 3423 537 3479 eius
559 3423 773 3498 impugnatione
793 3423 958 3480 deterritus.

303 3521 340 3581 ab
362 3525 577 3600 oppugnatione
597 3527 659 3582 eius
681 3523 717 3584 0.

303 3627 529 3703 impugnationis
559 3627 753 3701 vocabulum,
785 3632 819 3686 ut
849 3627 968 3686 omniuo
999 3627 1181 3688 remesinum
1208 3629 1241 3689 in

218 3748 352 3789 sermone
377 3729 536 3790 latino-
560 3734 704 3810 quantum
726 3730 786 3790 ecio
810 3731 904 3790 solum
929 3734 1058 3791 occurrit
1080 3733 1159 3809 apud
1182 3733 1241 3792 (iic.

218 3833 256 3893 ad
277 3837 341 3893 Att.
365 3838 394 3906 4,
418 3839 447 3906 6,
470 3838 488 3891 6
511 3867 554 3879 -
576 3834 619 3894 aio
649 3837 687 3895 ab
708 3835 765 3893 hoo
788 3853 906 3913 quoque
928 3835 1072 3911 scripture
1094 3841 1125 3895 et
1144 3835 1240 3914 ipsum

218 3943 249 3995 et
275 3936 470 4012 impugnandi
497 3939 623 3998 verbum
644 3938 734 4014 plane
756 3938 919 3997 abhorrent
942 3942 990 4011 51,
1013 3944 1031 3996 3
1054 3940 1240 4016 oppugnatio.

106 4100 108 4105 .
220 4042 238 4095 5
261 4037 348 4116 (tur);
371 4045 420 4113 29,
445 4046 481 4114 23
505 4043 555 4114 42,
581 4043 615 4112 1;
641 4045 688 4112 51,
707 4046 748 4115 ¹33
772 4041 822 4116 67,
849 4044 883 4114 1;
907 4046 955 4115 92,
984 4046 994 4099 1
1022 4059 1199 4120 oppugnare.
