2872 4778
741 253 955 334 ..ἂμ

418 437 445 514 8,
461 444 476 499 1
494 439 541 521 1),
559 438 694 519 equitum
709 440 828 519 (reliqui
837 440 974 521 equites).
1002 444 1051 514 la,
1067 444 1081 499 l
1100 459 1166 500 cum
1178 439 1284 503 Caesar
1297 438 1359 504 ism

331 547 410 622 (oum
433 543 494 603 iam
516 541 645 620 Caesar).
693 547 741 618 18,
767 547 781 601 1
809 547 1001 604 occurrerunt
1025 544 1218 623 (occurrunt).
1263 550 1356 619 22⁹²

330 646 376 728 D,
408 646 603 725 privatusque
632 646 871 706 adulescentulus
901 646 1049 724 (privatus
1074 654 1164 727 atque
1185 647 1357 707 adnleseen-

330 749 431 829 tnlns).
466 754 551 824 26,4
575 748 735 826 dispositos
757 750 942 828 (depositos).
979 754 1063 823 86,5
1087 769 1119 809 se
1141 769 1206 809 esse
1227 749 1305 827 (sese
1321 771 1356 823 ας

330 873 394 912 esse
412 851 483 929 llll).
513 856 565 926 48,
582 856 599 909 5
616 852 730 928 recepit
744 851 887 931 (recipit).
920 857 968 926 51,
982 858 1000 910 2
1016 851 1147 928 planicie
1161 851 1356 931 (planiciem),

329 954 543 1035 sinistrumque
558 953 804 1032 (sinistramque),
822 955 1017 1015 convenirent
1031 953 1239 1032 (conveniret).
1274 954 1324 1029 57,
1337 963 1355 1014 5

330 1058 419 1118 etiam
441 1057 544 1136 (etiam
567 1057 619 1134 et).
665 1062 757 1132 62,4
785 1057 894 1134 partim
918 1055 1056 1136 (parum).
1103 1061 1153 1130 88,
1177 1063 1193 1116 5
1219 1057 1355 1117 omnibus

328 1157 560 1240 (omnibusque).
592 1158 642 1233 87,
658 1166 675 1218 2
694 1159 818 1220 invento
834 1158 1002 1237 (iumento).
1032 1159 1083 1232 71,
1100 1165 1117 1218 2
1132 1159 1357 1221 interficiebant

329 1261 563 1340 (interficiebat).
600 1261 649 1337 75,
665 1267 682 1321 3
706 1281 812 1340 cupere
827 1262 983 1340 (carpere).
1017 1262 1067 1336 75,
1084 1268 1102 1321 6
1119 1261 1238 1324 desistit
1252 1263 1354 1342 (desti-

327 1363 386 1442 tit).
420 1365 470 1438 78,
487 1369 504 1423 8
520 1363 630 1424 sublati
645 1365 705 1444 (eui
720 1364 850 1443 sublati).
886 1370 936 1438 85,
951 1370 970 1424 4
988 1385 1020 1425 ss
1034 1364 1132 1443 (sese).
1168 1365 1218 1438 87,
1235 1371 1253 1424 2
1268 1385 1355 1444 prae·

328 1468 468 1529 currisset
482 1466 765 1548 (praecucurrisset).
795 1467 844 1542 87,
858 1473 875 1526 8
888 1467 1035 1527 munierat
1045 1466 1249 1547 (muniverat).
1273 1474 1353 1544 89,4

326 1571 456 1647 proiecit
466 1570 608 1651 (proicit).
635 1575 713 1643 91,1
732 1571 880 1631 munierat
895 1570 1035 1647 operibus
1050 1569 1186 1630 maximis
1201 1572 1353 1650 (operibus

326 1673 463 1732 maximis
485 1673 674 1752 muniverat).
720 1678 770 1747 91,
794 1679 812 1731 2
836 1673 943 1733 deinde
966 1673 1069 1752 (dein).

412 1777 559 1851 Persaepe
587 1775 681 1850 igitur
711 1781 837 1853 apparet
863 1776 995 1837 codicem
1017 1777 1045 1835 D
1075 1776 1236 1854 scripturas
1266 1797 1352 1857 prae·

325 1879 406 1951 bere,
428 1897 504 1956 quae
526 1877 638 1954 pariter
659 1878 855 1943 inveniantur
876 1879 908 1938 in
931 1879 1057 1955 singulis
1079 1879 1201 1941 ulterius
1219 1881 1353 1941 familias

324 1978 411 2039 libris
418 2001 427 2054 ;
461 1979 564 2060 itaque
596 1981 766 2059 exemplum
797 1981 872 2041 illud
906 1981 1137 2042 contaminatum
1171 2002 1235 2042 esse
1267 1991 1350 2044 serto

325 2082 434 2143 certius
457 2087 511 2144 est.
554 2083 640 2144 Unde
668 2084 758 2144 simul
785 2085 929 2164 sequitur,
957 2090 992 2145 ut
1013 2105 1135 2162 prorsus
1156 2086 1234 2146 nihil
1255 2086 1284 2145 ei
1306 2087 1351 2147 rei

324 2185 515 2247 tribuendum
545 2186 593 2262 sit,
626 2190 705 2267 quod
733 2191 762 2248 A
792 2187 1012 2250 vetustissimus
1038 2194 1096 2248 tam
1120 2208 1210 2265 saepe
1232 2189 1349 2249 cumD

323 2289 526 2349 recentissimo
549 2293 717 2368 conspiret:
739 2291 828 2353 valde
849 2290 1020 2352 verebimur
1041 2291 1110 2351 huic
1132 2291 1291 2352 consensui
1312 2312 1350 2352 ex

324 2391 577 2453 contaminatione
599 2398 664 2454 orto
688 2414 751 2453 eam
774 2394 929 2471 impertire
952 2395 1168 2470 auctoritatem,
1190 2414 1277 2473 quum
1301 2395 1348 2456 W.

323 2491 352 2551 ei
374 2493 481 2554 tribuit
503 2496 596 2571 praef.
617 2516 684 2572 pag.
706 2497 792 2558 XIV.

408 2596 466 2655 Sed
497 2597 703 2674 pervenimus,
738 2619 796 2679 quo
827 2603 891 2659 tota
918 2601 992 2659 haec
1023 2601 1153 2661 tetendit
1173 2600 1348 2680 inquisitio:

323 2715 391 2755 uam
420 2717 460 2756 ex
490 2697 534 2758 eis
565 2720 641 2781 quae
663 2703 796 2779 exposui,
825 2703 881 2762 hoo
903 2703 1036 2762 codicum
1058 2713 1184 2764 stemma
1205 2705 1347 2780 emergit:

682 2861 686 2867 .
795 2821 818 2868 Ο

729 2899 883 3052 Α

670 3053 729 3169 «s
892 3068 951 3194 Xs„

419 3189 661 3694 ss
728 3322 819 3496 ς,

378 3945 400 3990 v
584 3949 604 3994 P
719 3950 740 3996 n
1008 3908 1094 3999 ‘'lo''
1199 3904 1302 4004 il
