2872 4778
611 349 825 427 «ψῃ.-

287 530 374 598 Quod
396 537 433 595 ad
452 534 693 595 coniunctionum
709 537 819 596 attinet
832 556 927 608 usum,
949 534 1078 612 primum
1093 534 1230 610 occurrit,

200 641 279 717 quod
301 637 426 699 Asinius
444 648 630 716 posteaquam
654 638 800 714 praetulit
822 638 895 719 (quo
917 638 964 699 bis
986 658 1057 699 usus
1079 645 1132 713 est,
1164 658 1229 698 cum

198 752 348 819 postquam
381 743 471 800 semel
503 747 618 801 tantum
651 742 829 821 usurparet),
860 747 890 801 et
912 740 940 800 ei
962 747 1132 802 constanter
1152 741 1231 800 indi·

201 845 329 904 catinum
353 843 477 920 perfecti
494 843 659 904 subiunxit.
694 843 905 905 commentarii
920 850 1019 904 autem
1034 848 1137 903 auctor
1148 851 1230 920 post-

202 964 284 1025 quam
300 946 443 1023 praetulit
458 946 625 1024 (invenitur
640 947 719 1007 enirn
734 947 836 1007 tricies
852 947 1019 1027 quinquies,
1035 967 1101 1007 oum
1114 955 1230 1024 posteo-

202 1069 284 1126 quom
313 1049 403 1109 semel
432 1047 526 1127 extet)
565 1053 595 1108 et
633 1069 699 1109 cum
735 1069 769 1111 eo
800 1050 958 1111 coniunxit
986 1051 1069 1110 varia
1099 1054 1232 1126 tempora

203 1151 361 1231 variosque
393 1153 495 1212 modos
529 1151 594 1230 (cfr.
623 1152 742 1214 Froehl.
768 1155 798 1227 Ι,
830 1174 858 1230 p.
885 1153 946 1230 46).
991 1155 1083 1214 Porro
1115 1155 1173 1211 etsi
1201 1156 1232 1210 et

203 1259 324 1328 tametsi,
357 1256 435 1334 quod
465 1255 576 1331 legitur
605 1257 683 1333 apud
706 1255 847 1316 Asinium
870 1260 920 1331 31,
948 1262 978 1328 l;
1003 1263 1037 1331 25
1061 1263 1096 1329 63
1129 1261 1178 1330 33,
1204 1259 1231 1326 1,

204 1377 221 1416 a
252 1357 456 1417 commentarii
486 1369 606 1419 auctore
638 1358 850 1419 alienissimum
881 1365 934 1419 cst.
979 1359 1073 1419 Causa
1103 1379 1162 1437 qua
1184 1360 1231 1419 W.

202 1460 280 1518 hano
303 1460 500 1521 differentiam
522 1461 725 1537 gravissimam
746 1481 886 1522 excusare
909 1463 1010 1522 studet
1024 1482 1090 1541 pag.
1106 1460 1232 1523 XXVII

202 1561 292 1621 nihili
315 1568 368 1622 est.

289 1666 456 1745 Sequuntur
487 1667 595 1728 deinde
625 1667 786 1729 nonnullae
809 1667 996 1730 differentiae
1017 1667 1050 1728 in
1072 1668 1232 1730 verborum

204 1769 330 1829 delectu.

285 1872 408 1932 Asinius
420 1877 469 1947 31,
480 1880 498 1932 6
510 1874 631 1952 scripsit
641 1894 757 1934 numero
769 1873 875 1934 labere
886 1875 951 1936 sine
963 1871 1231 1955 praepositione1):

205 1976 237 2035 in
261 1978 471 2037 commentario
493 1975 674 2054 praepositio
697 1978 798 2037 addita
820 1985 865 2038 est
888 1983 937 2051 85,
960 1979 977 2037 7
1001 1981 1030 2037 s‘n
1046 1997 1101 2055 quo
1117 1994 1233 2035 numero

195 2079 272 2157 sust.
319 2079 470 2154 decedere,
502 2085 536 2138 ut
565 2080 643 2139 idem
675 2079 825 2155 significet
856 2100 889 2138 ac
920 2079 1122 2155 transfugere,
1154 2078 1234 2153 apud

205 2180 343 2241 Asinium
367 2181 477 2257 legitur
496 2201 541 2259 ep.
567 2187 616 2256 32,
641 2187 676 2256 ⁵3
708 2181 740 2240 in
763 2180 974 2240 commentario
996 2200 1111 2256 semper
1133 2198 1234 2239 occur-

204 2285 247 2344 rit
261 2304 369 2345 nomen
381 2285 583 2364 persags'cadr':
607 2290 657 2359 32,
674 2290 709 2359 33
733 2289 782 2357 35,
799 2290 834 2358 6;
859 2288 909 2358 51,
924 2289 959 2356 3;
983 2287 1032 2358 53,
1049 2287 1077 2343 3.
1110 2280 1234 2341 Asinius

206 2388 239 2468 in
268 2388 406 2465 epistulis
428 2387 571 2449 vocabulo
594 2408 708 2447 neeesse
729 2400 772 2446 est
794 2391 965 2447 constanter
986 2384 1145 2447 subiunxit
1167 2404 1236 2445 oon·

207 2491 390 2564 iunctivum3
420 2491 453 2550 in
482 2491 692 2552 commentario
723 2496 820 2551 autem
851 2510 910 2550 non
941 2489 1040 2550 minus
1067 2491 1236 2548 constanter

206 2593 375 2653 infinitivus
396 2593 552 2654 invenitur
574 2594 649 2674 (cap.
676 2601 724 2669 50,
748 2599 785 2668 2;
809 2599 859 2668 69,
884 2593 925 2670 1).

294 2696 375 2756 Sues.
400 2697 451 2770 VI,
476 2703 516 2757 34
550 2697 671 2757 Asinius
698 2698 856 2775 pollr'eendr‘
883 2696 1060 2757 vocabulum
1082 2693 1238 2768 coniungit

209 2819 275 2857 eum
298 2799 351 2859 inf.
371 2819 466 2875 praes.
503 2801 561 2860 Hic
583 2799 708 2858 neusin
731 2798 940 2860 commentario
963 2817 1113 2877 nunquam
1135 2816 1237 2856 occur·

210 2903 264 2974 rit;
290 2904 339 2960 sed
363 2922 478 2979 semper
501 2904 553 2962 inf.
577 2902 732 2963 invenitur
754 2902 848 2962 futuri
871 2902 912 2979 (7,
941 2907 973 2976 13
998 2905 1099 2973 32,1;
1124 2897 1237 2977 33,1);

211 3025 278 3063 nam
303 3004 365 3080 a,7
390 3006 468 3065 nihil
490 3008 585 3080 docet,
608 3027 674 3066 oum
696 3005 739 3079 id,
763 3006 841 3084 qnod
864 3004 955 3080 legati
970 3002 1150 3081 pollicentur
1165 3001 1198 3080 (i.
1211 3020 1238 3060 e.

211 3108 368 3182 affirmant,
392 3107 506 3187 dicunt)
523 3129 554 3167 se
566 3119 688 3188 paratos
703 3128 764 3167 esse
779 3108 817 3167 ad
832 3112 949 3184 tempus
964 3124 1104 3184 praesens
1120 3108 1235 3181 spectet

211 3229 272 3269 non
295 3213 332 3270 ad
352 3211 494 3273 futurum.

297 3313 450 3394 Nusquam
481 3315 589 3376 deinde
611 3315 733 3374 Asinius
762 3315 794 3375 in
826 3312 990 3374 enuntiatis
1012 3310 1147 3372 relativis
1170 3329 1239 3369 usus

214 3420 258 3476 est
290 3416 582 3498 plusquamperfecto
616 3439 668 3495 pro
701 3418 886 3496 imperfecto.
940 3420 980 3478 At
1015 3418 1090 3476 haec
1122 3411 1240 3473 dicendi

213 3520 380 3597 proprietas
410 3522 520 3601 passim
551 3521 680 3582 occurrit
707 3521 741 3580 in
770 3519 996 3594 commentario;
1025 3517 1097 3578 vide
1125 3516 1172 3576 W.
1203 3515 1241 3573 ad

213 3644 277 3700 cap.
300 3631 351 3686 43.

301 3728 460 3790 collocatio
490 3749 610 3810 quoque
639 3728 762 3807 copulae
794 3728 874 3806 apud
902 3730 1061 3803 utrumque
1091 3724 1240 3782 auctorem

215 3830 333 3891 diversa
365 3839 411 3892 est
441 3854 528 3913 qnam
558 3832 694 3893 maxime.
738 3832 857 3892 Etenim
886 3830 965 3906 apud
993 3829 1142 3886 auctorem
1165 3840 1243 3883 conr-

285 4053 312 4119 l)
331 4055 445 4104 Sohmals
463 4057 529 4122 (pag.
545 4055 587 4116 21)
609 4056 673 4105 hane
692 4055 794 4104 Medieei
812 4053 959 4114 scripturam
976 4062 1063 4098 sanam
1081 4061 1134 4096 esse
1153 4045 1243 4094 docuit.

1021 4131 1038 4193 3
