2872 4778
612 334 825 403 ..91-

199 509 254 570 tali
275 509 309 569 in
331 509 506 571 condicione
528 510 638 588 erant).
684 509 734 586 74,
758 516 772 571 1
796 531 896 570 seres
919 513 1078 591 complures
1099 548 1142 560 -
1163 514 1229 574 sal-

200 615 419 673 msisistrataros
441 614 523 690 (nam
538 633 641 673 omnes
657 634 704 674 res
719 615 1011 694 subministrabunt).
1045 618 1095 690 79,
1114 623 1127 676 1
1152 618 1228 677 loso-

200 735 254 794 qas
275 715 376 775 illonea
393 725 606 796 opportunoque
620 719 769 795 complura
783 751 826 764 -
841 739 990 796 occupare.
1027 721 1076 794 77,
1092 726 1110 779 2
1127 741 1152 780 e.
1164 741 1194 800 q.
1206 742 1230 781 s.

201 819 339 899 Denique
368 819 480 880 delevit
502 821 596 897 Syris,
627 821 708 902 quod
737 821 775 880 ad
797 821 1020 899 explanandum
1041 825 1230 902 Ityraeorum

201 922 379 983 vccabulum
402 923 585 1001 adscriptum
608 928 694 984 esset.
738 924 795 984 Sed
821 934 852 983 et
872 928 1008 1004 casasque
1026 929 1144 1004 generis
1166 932 1230 986 tum

200 1027 319 1086 demum
341 1031 410 1104 apte
431 1027 563 1106 ponitur,
586 1027 612 1087 si
634 1027 702 1106 plus
717 1046 776 1087 nno
793 1029 945 1089 hominnm
962 1050 1056 1105 genus
1071 1030 1229 1090 antecedit.

201 1131 252 1189 cfr.
286 1134 335 1203 36,
362 1133 377 1189 1
409 1131 531 1189 dilectas
560 1161 602 1174 -
632 1130 843 1204 libertinorum,
878 1132 1035 1214 Afrorum,
1067 1151 1226 1205 sevorum,

200 1233 320 1309 dens'qas
348 1241 377 1290 et
397 1235 535 1310 caiusque
556 1236 635 1293 modi
651 1238 770 1311 genesis
791 1236 946 1295 lomsimm.
991 1237 1108 1297 Deinde
1130 1241 1229 1296 antem

202 1335 255 1395 alr.
286 1335 356 1395 bell.
386 1336 443 1398 civ.
471 1336 530 1409 III,
562 1341 591 1412 4,
621 1343 639 1396 3
672 1340 846 1414 sagittarios
878 1374 921 1385 -
954 1359 992 1399 ee
1022 1342 1112 1399 Ponto
1145 1349 1230 1419 atque

201 1439 320 1515 Syrio
350 1439 608 1519 reliquisque
629 1441 868 1499 civitatibus
889 1440 1023 1500 liciebat.
1069 1444 1177 1523 Itaque
1199 1445 1230 1501 et

201 1547 303 1602 nostro
334 1542 401 1602 loco
423 1543 491 1621 Syri
523 1544 561 1602 ab
583 1544 712 1622 Ityraeis
742 1543 863 1617 diversi,
894 1545 1033 1605 Emeseni
1065 1549 1150 1605 erant
1180 1543 1230 1604 vel

202 1645 348 1724 Apameni
370 1665 433 1725 eqo.

287 1752 372 1823 20,4
392 1750 494 1825 priore
514 1751 589 1808 enim
611 1768 687 1808 anno
706 1760 828 1827 propter
849 1753 1080 1810 alemanorum
1095 1751 1226 1820 dilectus,

201 1853 277 1929 quos
296 1851 484 1930 stipendiarii
502 1861 637 1912 aratores
660 1850 791 1935 [milites]
814 1864 909 1913 essent
920 1855 1014 1933 sceti,
1039 1874 1154 1914 messem
1173 1855 1229 1912 non

201 1973 262 2013 esse
279 1955 400 2033 factam.

286 2056 460 2138 Froehl.(1,
480 2077 547 2137 pag.
565 2058 618 2137 68)
634 2061 739 2118 ms'lites
754 2058 912 2119 delendum
927 2066 1037 2121 censet.
1068 2065 1229 2121 Auctorem

202 2160 282 2221 enim
311 2164 411 2239 ipsum
442 2161 542 2222 dicare
567 2161 667 2241 priore
689 2181 768 2222 anno
792 2183 915 2224 messem
940 2184 1000 2223 non
1024 2184 1089 2224 esse
1111 2165 1228 2223 laetam.

202 2264 287 2324 Unde
324 2264 410 2345 sequi
445 2265 642 2325 neminem
678 2272 802 2344 propter
833 2267 1073 2329 adversariorum
1104 2265 1230 2325 dilectus

203 2367 342 2443 adfuisse,
358 2367 409 2449 qni
425 2388 512 2444 agros
528 2369 648 2430 coleret.
671 2371 735 2429 Iam
751 2376 849 2431 autam
866 2370 962 2431 siocli
977 2369 1229 2448 stipendiarii

202 2476 334 2532 aratores
365 2472 527 2551 conscripti
557 2478 665 2547 essent,
696 2475 827 2552 perbene
857 2494 911 2552 per
932 2474 1072 2555 reliquos,
1103 2474 1155 2553 qui
1177 2474 1230 2532 sti·

203 2575 313 2652 pendia
335 2575 417 2636 nulla
439 2577 598 2652 solverent,
621 2597 746 2638 messem
768 2579 834 2639 fieri
857 2579 999 2657 potuisse.
1036 2578 1094 2638 Sed
1116 2575 1229 2636 nnllam

203 2677 324 2738 omnino
355 2680 464 2740 laetam
494 2700 569 2741 esee.
614 2683 720 2761 Itaque
752 2702 855 2742 omnes
877 2687 1010 2743 aratores
1032 2680 1143 2740 milites
1165 2699 1229 2738 esse

202 2783 298 2841 iactos
320 2787 351 2842 et
371 2783 516 2844 vocabalo
540 2785 646 2843 milites
669 2784 767 2845 deleto
789 2785 978 2861 stipendiarii
997 2784 1165 2859 significare
1181 2784 1233 2859 qui

202 2883 342 2960 stipendia
364 2895 473 2945 moeni
499 2886 518 2947 i.
543 2907 568 2946 e.
591 2888 705 2946 milites.
749 2887 837 2947 Hanc
859 2887 1060 2948 coniecturam
1083 2885 1229 2959 sagaciter

204 2986 403 3062 excogitatam
420 2990 468 3052 W.
491 2991 641 3069 probavit,
663 2991 714 3050 sed
736 2989 895 3051 immerito.
932 2991 1002 3049 Non
1025 2988 1106 3048 enim
1129 2989 1229 3047 obser·

203 3090 296 3164 vavit‚
327 3097 511 3172 quantopere
540 3094 591 3154 hio
619 3094 747 3171 scriptor
776 3114 824 3154 res
855 3113 965 3168 augere
996 3092 1101 3150 solitus
1134 3090 1228 3150 sitin

202 3194 345 3255 maiorem
367 3196 502 3256 (lassaris
524 3197 658 3272 gloriam.
702 3199 810 3277 Itaque
839 3197 912 3256 dicit
933 3215 1058 3255 messem
1081 3215 1140 3254 ncn
1164 3213 1228 3253 esse

203 3299 321 3371 asam,
343 3318 461 3359 omnam
476 3301 597 3360 Africae
619 3301 774 3375 regionem
792 3300 964 3361 exinanisse
978 3301 1137 3390 frumento.
1171 3296 1228 3356 Sed

203 3399 228 3458 si
257 3400 361 3461 messis
388 3402 509 3463 omnino
539 3404 619 3463 lacta
648 3424 709 3463 non
731 3411 819 3478 asset,
850 3405 996 3485 quomodo
1019 3409 1083 3463 tum
1105 3421 1229 3481 pergere

202 3503 302 3582 potnit
323 3504 453 3583 scriptor
474 3507 661 3566 adversarios
684 3508 818 3568 exomni
836 3508 938 3568 Africa
952 3510 1135 3567 ficmentum
1150 3525 1229 3565 com·

202 3612 337 3685 portasse
358 3609 391 3668 in
413 3628 508 3686 panca
530 3608 660 3688 oppida?
698 3612 783 3671 Unde
805 3612 863 3671 hoc
884 3613 1067 3672 frumentum
1089 3607 1229 3685 provenit

202 3708 260 3769 nisi
284 3730 323 3770 ox
344 3731 438 3772 messe
459 3711 633 3790 superiora?
665 3714 759 3774 Porro
775 3714 847 3795 quid
863 3715 920 3774 sibi
937 3714 1042 3775 volunt
1057 3718 1120 3771 tum
1136 3711 1230 3771 verba

204 3818 285 3887 21,1
313 3816 422 3874 Caesar
440 3819 628 3893 privatos
648 3816 796 3875 ambiendo
818 3849 860 3862 -
882 3818 1059 3894 ols'qcantum
1082 3830 1228 3872 namnam

200 3917 343 3992 frumenti
362 3919 391 3976 ia
414 3937 467 3978 suo
486 3919 634 3996 praescisa
656 3917 860 3996 congesserat?
893 3921 981 3980 Patet
1001 3918 1135 3999 privatos
1151 3915 1229 3990 egri·

203 4021 283 4083 colas
305 4021 418 4102 opponi
440 4021 491 4082 alii
513 4021 617 4097 generi
639 4021 804 4096 hominum,
827 4022 879 4103 qni
901 4023 1020 4102 publice
1042 4041 1129 4098 egros
1151 4019 1228 4081 cole·
