<?xml version="1.0" encoding="UTF-8"?>
<!DOCTYPE html PUBLIC "-//W3C//DTD XHTML 1.0 Transitional//EN"
    "http://www.w3.org/TR/xhtml1/DTD/xhtml1-transitional.dtd">
<html xmlns="http://www.w3.org/1999/xhtml" xml:lang="en" lang="en">
 <head>
  <title>
</title>
<meta http-equiv="Content-Type" content="text/html;charset=utf-8" />
  <meta name='ocr-system' content='tesseract 3.04.00' />
  <meta name='ocr-capabilities' content='ocr_page ocr_carea ocr_par ocr_line ocrx_word'/>
</head>
<body>
  <div class='ocr_page' id='page_1' title='image "./incommentariumd00moelgoog_0065.png"; bbox 0 0 2872 4778; ppageno 0'>
   <div class='ocr_carea' id='block_1_1' title="bbox 604 327 898 468">
    <p class='ocr_par' dir='ltr' id='par_1_1' title="bbox 604 327 898 468">
     <span class='ocr_line' id='line_1_1' title="bbox 604 327 898 468; baseline 0 -136"><span class='ocrx_word' id='word_1_1' title='bbox 604 327 898 468; x_wconf 27' lang='lat' dir='ltr'><strong>..nm-</strong></span> 
     </span>
    </p>
   </div>
   <div class='ocr_carea' id='block_1_2' title="bbox 271 574 1305 4041">
    <p class='ocr_par' dir='ltr' id='par_1_2' title="bbox 272 574 1302 757">
     <span class='ocr_line' id='line_1_2' title="bbox 273 574 1302 653; baseline -0.005 -17"><span class='ocrx_word' id='word_1_2' title='bbox 273 575 408 637; x_wconf 87' lang='lat' dir='ltr'><strong>eonferas</strong></span> <span class='ocrx_word' id='word_1_3' title='bbox 422 595 508 636; x_wconf 87' lang='lat' dir='ltr'><strong>usum</strong></span> <span class='ocrx_word' id='word_1_4' title='bbox 523 574 686 653; x_wconf 75' lang='lat' dir='ltr'><strong>scriptoris,</strong></span> <span class='ocrx_word' id='word_1_5' title='bbox 701 576 785 637; x_wconf 84' lang='lat' dir='ltr'><strong>velut</strong></span> <span class='ocrx_word' id='word_1_6' title='bbox 800 581 851 650; x_wconf 87' lang='grc'><strong>48,</strong></span> <span class='ocrx_word' id='word_1_7' title='bbox 866 581 882 634; x_wconf 88' lang='grc'><strong>5</strong></span> <span class='ocrx_word' id='word_1_8' title='bbox 899 576 1048 633; x_wconf 82' lang='lat' dir='ltr'><strong>uniuersos</strong></span> <span class='ocrx_word' id='word_1_9' title='bbox 1061 592 1131 633; x_wconf 79' lang='grc'><strong>0000</strong></span> <span class='ocrx_word' id='word_1_10' title='bbox 1144 607 1187 619; x_wconf 90' lang='grc'>-</span> <span class='ocrx_word' id='word_1_11' title='bbox 1202 577 1302 652; x_wconf 67' lang='grc'><strong>000000</strong></span> 
     </span>
     <span class='ocr_line' id='line_1_3' title="bbox 272 681 961 757; baseline -0.001 -21"><span class='ocrx_word' id='word_1_12' title='bbox 272 712 315 722; x_wconf 87' lang='lat'><em>-</em></span> <span class='ocrx_word' id='word_1_13' title='bbox 337 681 479 739; x_wconf 69' lang='grc'><strong>00000000</strong></span> <span class='ocrx_word' id='word_1_14' title='bbox 499 697 535 737; x_wconf 84' lang='grc'><strong>00</strong></span> <span class='ocrx_word' id='word_1_15' title='bbox 556 700 650 737; x_wconf 84' lang='lat' dir='ltr'><strong>—se</strong></span> <span class='ocrx_word' id='word_1_16' title='bbox 672 682 777 757; x_wconf 69' lang='lat' dir='ltr'><strong>reecpit</strong></span> <span class='ocrx_word' id='word_1_17' title='bbox 798 682 828 738; x_wconf 79' lang='lat' dir='ltr'><strong>in</strong></span> <span class='ocrx_word' id='word_1_18' title='bbox 851 688 961 737; x_wconf 81' lang='lat' dir='ltr'><strong>oestro.</strong></span> 
     </span>
    </p>

    <p class='ocr_par' dir='ltr' id='par_1_3' title="bbox 272 778 1302 943">
     <span class='ocr_line' id='line_1_4' title="bbox 359 778 1302 861; baseline -0.002 -21"><span class='ocrx_word' id='word_1_19' title='bbox 359 786 408 856; x_wconf 95' lang='grc'><strong>33,</strong></span> <span class='ocrx_word' id='word_1_20' title='bbox 435 787 449 839; x_wconf 95' lang='lat'>1</span> <span class='ocrx_word' id='word_1_21' title='bbox 483 791 591 842; x_wconf 83' lang='lat' dir='ltr'><strong>tantum</strong></span> <span class='ocrx_word' id='word_1_22' title='bbox 620 802 707 842; x_wconf 82' lang='lat' dir='ltr'><strong>orare</strong></span> <span class='ocrx_word' id='word_1_23' title='bbox 737 792 767 841; x_wconf 80' lang='lat' dir='ltr'><strong>et</strong></span> <span class='ocrx_word' id='word_1_24' title='bbox 791 791 890 859; x_wconf 77' lang='lat' dir='ltr'><strong>petere</strong></span> <span class='ocrx_word' id='word_1_25' title='bbox 912 780 964 860; x_wconf 81' lang='grc'><strong>[00</strong></span> <span class='ocrx_word' id='word_1_26' title='bbox 985 778 1045 861; x_wconf 89' lang='grc'><strong>00],</strong></span> <span class='ocrx_word' id='word_1_27' title='bbox 1078 783 1123 839; x_wconf 81' lang='lat' dir='ltr'><strong>uti</strong></span> <span class='ocrx_word' id='word_1_28' title='bbox 1141 780 1199 839; x_wconf 75' lang='lat' dir='ltr'><strong>siti</strong></span> <span class='ocrx_word' id='word_1_29' title='bbox 1214 799 1302 857; x_wconf 81' lang='lat' dir='ltr'><strong>prue-</strong></span> 
     </span>
     <span class='ocr_line' id='line_1_5' title="bbox 272 886 558 943; baseline 0.003 -1"><span class='ocrx_word' id='word_1_30' title='bbox 272 886 378 943; x_wconf 80' lang='lat' dir='ltr'><strong>sidium</strong></span> <span class='ocrx_word' id='word_1_31' title='bbox 399 886 485 943; x_wconf 81' lang='lat' dir='ltr'><strong>duret</strong></span> <span class='ocrx_word' id='word_1_32' title='bbox 505 919 558 943; x_wconf 91' lang='lat'><strong>-.</strong></span> 
     </span>
    </p>

    <p class='ocr_par' dir='ltr' id='par_1_4' title="bbox 271 986 1304 1767">
     <span class='ocr_line' id='line_1_6' title="bbox 360 986 1301 1067; baseline -0.004 -20"><span class='ocrx_word' id='word_1_33' title='bbox 360 987 488 1047; x_wconf 89' lang='lat' dir='ltr'><strong>Petendi</strong></span> <span class='ocrx_word' id='word_1_34' title='bbox 503 989 677 1048; x_wconf 85' lang='lat' dir='ltr'><strong>voeabulum</strong></span> <span class='ocrx_word' id='word_1_35' title='bbox 690 987 849 1067; x_wconf 84' lang='lat' dir='ltr'>quinquies</span> <span class='ocrx_word' id='word_1_36' title='bbox 862 987 962 1048; x_wconf 86' lang='lat' dir='ltr'><strong>addita</strong></span> <span class='ocrx_word' id='word_1_37' title='bbox 972 986 1193 1065; x_wconf 75' lang='lat' dir='ltr'><strong>praepositione</strong></span> <span class='ocrx_word' id='word_1_38' title='bbox 1205 986 1270 1064; x_wconf 81' lang='lat'>(28,</span> <span class='ocrx_word' id='word_1_39' title='bbox 1281 989 1301 1043; x_wconf 84' lang='lat'>4</span> 
     </span>
     <span class='ocr_line' id='line_1_7' title="bbox 271 1087 1301 1167; baseline 0 -21"><span class='ocrx_word' id='word_1_40' title='bbox 271 1093 389 1167; x_wconf 76' lang='lat' dir='ltr'><strong>pets&#39;zise</strong></span> <span class='ocrx_word' id='word_1_41' title='bbox 411 1109 429 1148; x_wconf 93' lang='grc'><strong>0</strong></span> <span class='ocrx_word' id='word_1_42' title='bbox 451 1090 681 1165; x_wconf 56' lang='lat' dir='ltr'><strong>scaturientium</strong></span> <span class='ocrx_word' id='word_1_43' title='bbox 704 1090 783 1150; x_wconf 89' lang='lat' dir='ltr'><strong>idem</strong></span> <span class='ocrx_word' id='word_1_44' title='bbox 807 1097 835 1162; x_wconf 84' lang='lat'><strong>4,</strong></span> <span class='ocrx_word' id='word_1_45' title='bbox 862 1096 895 1164; x_wconf 76' lang='lat'><strong>¹3</strong></span> <span class='ocrx_word' id='word_1_46' title='bbox 920 1096 969 1163; x_wconf 89' lang='grc'><strong>90,</strong></span> <span class='ocrx_word' id='word_1_47' title='bbox 994 1095 1028 1160; x_wconf 78' lang='grc'><strong>2;</strong></span> <span class='ocrx_word' id='word_1_48' title='bbox 1052 1094 1102 1163; x_wconf 89' lang='grc'><strong>91,</strong></span> <span class='ocrx_word' id='word_1_49' title='bbox 1126 1095 1161 1163; x_wconf 73' lang='grc'><strong>3,</strong></span> <span class='ocrx_word' id='word_1_50' title='bbox 1185 1094 1236 1162; x_wconf 76' lang='grc'><strong>92,</strong></span> <span class='ocrx_word' id='word_1_51' title='bbox 1262 1087 1301 1164; x_wconf 90' lang='grc'><strong>1),</strong></span> 
     </span>
     <span class='ocr_line' id='line_1_8' title="bbox 275 1191 1304 1270; baseline -0.002 -20"><span class='ocrx_word' id='word_1_52' title='bbox 275 1191 366 1253; x_wconf 90' lang='lat' dir='ltr'><strong>semel</strong></span> <span class='ocrx_word' id='word_1_53' title='bbox 394 1193 530 1252; x_wconf 86' lang='lat' dir='ltr'><strong>absolute</strong></span> <span class='ocrx_word' id='word_1_54' title='bbox 560 1193 716 1255; x_wconf 84' lang='lat' dir='ltr'><strong>invenitur</strong></span> <span class='ocrx_word' id='word_1_55' title='bbox 746 1198 921 1269; x_wconf 87' lang='lat' dir='ltr'><strong>usurpatum</strong></span> <span class='ocrx_word' id='word_1_56' title='bbox 950 1196 999 1266; x_wconf 81' lang='lat'><strong>35,</strong></span> <span class='ocrx_word' id='word_1_57' title='bbox 1023 1198 1040 1250; x_wconf 87' lang='lat'><strong>3</strong></span> <span class='ocrx_word' id='word_1_58' title='bbox 1074 1194 1126 1270; x_wconf 79' lang='lat' dir='ltr'><strong>qui</strong></span> <span class='ocrx_word' id='word_1_59' title='bbox 1143 1193 1232 1250; x_wconf 86' lang='lat' dir='ltr'><strong>simul</strong></span> <span class='ocrx_word' id='word_1_60' title='bbox 1256 1191 1304 1248; x_wconf 85' lang='lat' dir='ltr'><strong>ud</strong></span> 
     </span>
     <span class='ocr_line' id='line_1_9' title="bbox 274 1295 1302 1374; baseline 0.001 -22"><span class='ocrx_word' id='word_1_61' title='bbox 274 1314 352 1352; x_wconf 84' lang='lat' dir='ltr'><strong>eum</strong></span> <span class='ocrx_word' id='word_1_62' title='bbox 382 1304 451 1354; x_wconf 83' lang='lat' dir='ltr'><strong>sunt</strong></span> <span class='ocrx_word' id='word_1_63' title='bbox 478 1296 603 1368; x_wconf 81' lang='lat' dir='ltr'><strong>deducti,</strong></span> <span class='ocrx_word' id='word_1_64' title='bbox 634 1299 791 1374; x_wconf 79' lang='lat' dir='ltr'><strong>petierunt.</strong></span> <span class='ocrx_word' id='word_1_65' title='bbox 835 1295 920 1355; x_wconf 89' lang='lat' dir='ltr'><strong>Nihil</strong></span> <span class='ocrx_word' id='word_1_66' title='bbox 948 1301 1046 1354; x_wconf 91' lang='lat' dir='ltr'><strong>autem</strong></span> <span class='ocrx_word' id='word_1_67' title='bbox 1074 1297 1202 1370; x_wconf 88' lang='lat' dir='ltr'><strong>probant</strong></span> <span class='ocrx_word' id='word_1_68' title='bbox 1224 1313 1302 1354; x_wconf 90' lang='lat' dir='ltr'><strong>oom-</strong></span> 
     </span>
     <span class='ocr_line' id='line_1_10' title="bbox 275 1397 1301 1476; baseline -0.003 -17"><span class='ocrx_word' id='word_1_69' title='bbox 275 1397 438 1474; x_wconf 86' lang='lat' dir='ltr'><strong>positiones</strong></span> <span class='ocrx_word' id='word_1_70' title='bbox 458 1407 562 1475; x_wconf 79' lang='lat' dir='ltr'><strong>petunt</strong></span> <span class='ocrx_word' id='word_1_71' title='bbox 575 1407 724 1476; x_wconf 79' lang='lat' dir='ltr'><strong>orentque,</strong></span> <span class='ocrx_word' id='word_1_72' title='bbox 747 1407 850 1475; x_wconf 79' lang='lat' dir='ltr'><strong>patant</strong></span> <span class='ocrx_word' id='word_1_73' title='bbox 865 1398 1018 1456; x_wconf 79' lang='lat' dir='ltr'><strong>obsecrant</strong></span> <span class='ocrx_word' id='word_1_74' title='bbox 1039 1399 1117 1456; x_wconf 90' lang='lat' dir='ltr'><strong>nude</strong></span> <span class='ocrx_word' id='word_1_75' title='bbox 1132 1401 1301 1473; x_wconf 77' lang='lat' dir='ltr'><strong>usurpatae.</strong></span> 
     </span>
     <span class='ocr_line' id='line_1_11' title="bbox 275 1499 1302 1576; baseline -0.002 -16"><span class='ocrx_word' id='word_1_76' title='bbox 275 1503 312 1560; x_wconf 91' lang='lat' dir='ltr'><strong>In</strong></span> <span class='ocrx_word' id='word_1_77' title='bbox 334 1501 382 1561; x_wconf 91' lang='lat' dir='ltr'><strong>his</strong></span> <span class='ocrx_word' id='word_1_78' title='bbox 404 1500 483 1560; x_wconf 91' lang='lat' dir='ltr'><strong>enim</strong></span> <span class='ocrx_word' id='word_1_79' title='bbox 506 1501 630 1576; x_wconf 89' lang='lat' dir='ltr'><strong>petendi</strong></span> <span class='ocrx_word' id='word_1_80' title='bbox 652 1503 777 1561; x_wconf 84' lang='lat' dir='ltr'><strong>verbum</strong></span> <span class='ocrx_word' id='word_1_81' title='bbox 799 1499 960 1576; x_wconf 86' lang='lat' dir='ltr'><strong>praeeedit,</strong></span> <span class='ocrx_word' id='word_1_82' title='bbox 990 1504 1092 1560; x_wconf 87' lang='lat' dir='ltr'><strong>nostro</strong></span> <span class='ocrx_word' id='word_1_83' title='bbox 1114 1505 1211 1561; x_wconf 88' lang='lat' dir='ltr'><strong>autem</strong></span> <span class='ocrx_word' id='word_1_84' title='bbox 1237 1499 1302 1559; x_wconf 95' lang='lat' dir='ltr'><strong>looo</strong></span> 
     </span>
     <span class='ocr_line' id='line_1_12' title="bbox 274 1601 1304 1682; baseline -0.002 -20"><span class='ocrx_word' id='word_1_85' title='bbox 274 1602 481 1682; x_wconf 78' lang='lat' dir='ltr'><strong>subsequitur—z</strong></span> <span class='ocrx_word' id='word_1_86' title='bbox 514 1604 641 1682; x_wconf 83' lang='lat' dir='ltr'><strong>quadrat</strong></span> <span class='ocrx_word' id='word_1_87' title='bbox 671 1601 786 1663; x_wconf 90' lang='lat' dir='ltr'><strong>soilioet</strong></span> <span class='ocrx_word' id='word_1_88' title='bbox 816 1602 997 1682; x_wconf 78' lang='lat' dir='ltr'><strong>praepositio</strong></span> <span class='ocrx_word' id='word_1_89' title='bbox 1028 1602 1064 1661; x_wconf 83' lang='lat' dir='ltr'><strong>ab</strong></span> <span class='ocrx_word' id='word_1_90' title='bbox 1087 1623 1142 1662; x_wconf 88' lang='lat' dir='ltr'><strong>neo</strong></span> <span class='ocrx_word' id='word_1_91' title='bbox 1162 1602 1195 1662; x_wconf 94' lang='lat' dir='ltr'><strong>in</strong></span> <span class='ocrx_word' id='word_1_92' title='bbox 1218 1604 1304 1662; x_wconf 88' lang='lat' dir='ltr'><strong>obse·</strong></span> 
     </span>
     <span class='ocr_line' id='line_1_13' title="bbox 276 1705 845 1767; baseline 0.004 -2"><span class='ocrx_word' id='word_1_93' title='bbox 276 1705 379 1765; x_wconf 88' lang='lat' dir='ltr'><strong>orandi</strong></span> <span class='ocrx_word' id='word_1_94' title='bbox 401 1724 456 1766; x_wconf 91' lang='lat' dir='ltr'><strong>neo</strong></span> <span class='ocrx_word' id='word_1_95' title='bbox 477 1707 510 1766; x_wconf 91' lang='lat' dir='ltr'><strong>in</strong></span> <span class='ocrx_word' id='word_1_96' title='bbox 533 1706 637 1765; x_wconf 85' lang='lat' dir='ltr'><strong>orandi</strong></span> <span class='ocrx_word' id='word_1_97' title='bbox 659 1706 845 1767; x_wconf 84' lang='lat' dir='ltr'><strong>vocabulum.</strong></span> 
     </span>
    </p>

    <p class='ocr_par' dir='ltr' id='par_1_5' title="bbox 273 1809 1303 1991">
     <span class='ocr_line' id='line_1_14' title="bbox 362 1809 1303 1890; baseline 0.003 -24"><span class='ocrx_word' id='word_1_98' title='bbox 362 1813 444 1882; x_wconf 80' lang='lat'><strong>42,1</strong></span> <span class='ocrx_word' id='word_1_99' title='bbox 469 1828 558 1887; x_wconf 80' lang='lat' dir='ltr'><strong>neque</strong></span> <span class='ocrx_word' id='word_1_100' title='bbox 579 1829 617 1867; x_wconf 81' lang='grc'><strong>00</strong></span> <span class='ocrx_word' id='word_1_101' title='bbox 638 1828 670 1867; x_wconf 86' lang='grc'><strong>00</strong></span> <span class='ocrx_word' id='word_1_102' title='bbox 693 1811 768 1881; x_wconf 88' lang='lat' dir='ltr'><strong>loeo,</strong></span> <span class='ocrx_word' id='word_1_103' title='bbox 793 1843 846 1881; x_wconf 94' lang='lat'><strong>-,</strong></span> <span class='ocrx_word' id='word_1_104' title='bbox 872 1811 1035 1886; x_wconf 65' lang='lat' dir='ltr'><strong>Scipionem</strong></span> <span class='ocrx_word' id='word_1_105' title='bbox 1054 1811 1199 1888; x_wconf 79' lang='lat' dir='ltr'><strong>progredi</strong></span> <span class='ocrx_word' id='word_1_106' title='bbox 1216 1809 1303 1890; x_wconf 72' lang='lat' dir='ltr'><strong>[pro-</strong></span> 
     </span>
     <span class='ocr_line' id='line_1_15' title="bbox 273 1908 723 1991; baseline 0.004 -22"><span class='ocrx_word' id='word_1_107' title='bbox 273 1908 357 1991; x_wconf 78' lang='lat' dir='ltr'><strong>pius]</strong></span> <span class='ocrx_word' id='word_1_108' title='bbox 380 1908 442 1991; x_wconf 88' lang='grc'><strong>[00]</strong></span> <span class='ocrx_word' id='word_1_109' title='bbox 464 1914 723 1972; x_wconf 78' lang='lat' dir='ltr'><strong>animadvertisset.</strong></span> 
     </span>
    </p>

    <p class='ocr_par' dir='ltr' id='par_1_6' title="bbox 274 2014 1305 3016">
     <span class='ocr_line' id='line_1_16' title="bbox 361 2014 1303 2094; baseline 0.003 -21"><span class='ocrx_word' id='word_1_110' title='bbox 361 2014 409 2074; x_wconf 91' lang='lat' dir='ltr'><strong>W.</strong></span> <span class='ocrx_word' id='word_1_111' title='bbox 442 2021 598 2094; x_wconf 83' lang='lat' dir='ltr'><strong>postquam</strong></span> <span class='ocrx_word' id='word_1_112' title='bbox 622 2036 686 2075; x_wconf 93' lang='lat' dir='ltr'><strong>oum</strong></span> <span class='ocrx_word' id='word_1_113' title='bbox 710 2017 735 2074; x_wconf 93' lang='lat' dir='ltr'>L</span> <span class='ocrx_word' id='word_1_114' title='bbox 757 2035 922 2094; x_wconf 89' lang='lat' dir='ltr'><strong>pronomen</strong></span> <span class='ocrx_word' id='word_1_115' title='bbox 944 2035 975 2075; x_wconf 92' lang='grc'><strong>00</strong></span> <span class='ocrx_word' id='word_1_116' title='bbox 997 2016 1106 2090; x_wconf 89' lang='lat' dir='ltr'><strong>omisit,</strong></span> <span class='ocrx_word' id='word_1_117' title='bbox 1138 2017 1303 2076; x_wconf 88' lang='lat' dir='ltr'><strong>neeessario</strong></span> 
     </span>
     <span class='ocr_line' id='line_1_17' title="bbox 275 2118 1304 2198; baseline 0.002 -22"><span class='ocrx_word' id='word_1_118' title='bbox 275 2121 393 2177; x_wconf 88' lang='lat' dir='ltr'><strong>ooaetus</strong></span> <span class='ocrx_word' id='word_1_119' title='bbox 418 2120 538 2195; x_wconf 79' lang='lat' dir='ltr'><strong>propius</strong></span> <span class='ocrx_word' id='word_1_120' title='bbox 569 2139 688 2198; x_wconf 92' lang='lat' dir='ltr'><strong>quoque</strong></span> <span class='ocrx_word' id='word_1_121' title='bbox 717 2118 848 2190; x_wconf 81' lang='lat' dir='ltr'><strong>delevit,</strong></span> <span class='ocrx_word' id='word_1_122' title='bbox 882 2119 963 2197; x_wconf 91' lang='lat' dir='ltr'><strong>quod</strong></span> <span class='ocrx_word' id='word_1_123' title='bbox 992 2118 1017 2176; x_wconf 88' lang='lat' dir='ltr'><strong>si</strong></span> <span class='ocrx_word' id='word_1_124' title='bbox 1040 2118 1175 2179; x_wconf 87' lang='lat' dir='ltr'><strong>adverbii</strong></span> <span class='ocrx_word' id='word_1_125' title='bbox 1196 2138 1304 2178; x_wconf 88' lang='lat' dir='ltr'><strong>munus</strong></span> 
     </span>
     <span class='ocr_line' id='line_1_18' title="bbox 275 2218 1304 2298; baseline 0.003 -20"><span class='ocrx_word' id='word_1_126' title='bbox 275 2218 412 2293; x_wconf 87' lang='lat' dir='ltr'><strong>sustinet,</strong></span> <span class='ocrx_word' id='word_1_127' title='bbox 435 2224 527 2281; x_wconf 85' lang='lat' dir='ltr'><strong>verbo</strong></span> <span class='ocrx_word' id='word_1_128' title='bbox 550 2221 692 2298; x_wconf 86' lang='lat' dir='ltr'><strong>anteponi</strong></span> <span class='ocrx_word' id='word_1_129' title='bbox 714 2223 798 2282; x_wconf 88' lang='lat' dir='ltr'><strong>solet.</strong></span> <span class='ocrx_word' id='word_1_130' title='bbox 836 2221 966 2280; x_wconf 90' lang='lat' dir='ltr'><strong>Dubium</strong></span> <span class='ocrx_word' id='word_1_131' title='bbox 987 2226 1085 2282; x_wconf 85' lang='lat' dir='ltr'><strong>entem</strong></span> <span class='ocrx_word' id='word_1_132' title='bbox 1108 2220 1230 2280; x_wconf 90' lang='lat' dir='ltr'><strong>minime</strong></span> <span class='ocrx_word' id='word_1_133' title='bbox 1250 2226 1304 2297; x_wconf 86' lang='lat' dir='ltr'><strong>est,</strong></span> 
     </span>
     <span class='ocr_line' id='line_1_19' title="bbox 274 2322 1304 2403; baseline 0.003 -22"><span class='ocrx_word' id='word_1_134' title='bbox 274 2323 348 2402; x_wconf 91' lang='lat' dir='ltr'><strong>quin</strong></span> <span class='ocrx_word' id='word_1_135' title='bbox 379 2322 489 2383; x_wconf 89' lang='lat' dir='ltr'><strong>oodiois</strong></span> <span class='ocrx_word' id='word_1_136' title='bbox 520 2324 545 2381; x_wconf 93' lang='lat' dir='ltr'>L</span> <span class='ocrx_word' id='word_1_137' title='bbox 567 2323 674 2383; x_wconf 89' lang='lat' dir='ltr'><strong>iterum</strong></span> <span class='ocrx_word' id='word_1_138' title='bbox 698 2325 939 2400; x_wconf 87' lang='lat' dir='ltr'><strong>deprehendatur</strong></span> <span class='ocrx_word' id='word_1_139' title='bbox 960 2323 1151 2399; x_wconf 82' lang='lat' dir='ltr'><strong>neglegentia</strong></span> <span class='ocrx_word' id='word_1_140' title='bbox 1173 2329 1204 2383; x_wconf 91' lang='lat' dir='ltr'><strong>ot</strong></span> <span class='ocrx_word' id='word_1_141' title='bbox 1231 2324 1304 2403; x_wconf 89' lang='lat' dir='ltr'><strong>quin</strong></span> 
     </span>
     <span class='ocr_line' id='line_1_20' title="bbox 275 2425 1304 2502; baseline 0.002 -17"><span class='ocrx_word' id='word_1_142' title='bbox 275 2425 402 2500; x_wconf 89' lang='lat' dir='ltr'><strong>soriptor</strong></span> <span class='ocrx_word' id='word_1_143' title='bbox 431 2426 784 2502; x_wconf 79' lang='lat' dir='ltr'><strong>praepositionem</strong></span> <span class='ocrx_word' id='word_1_144' title='bbox 814 2445 874 2486; x_wconf 94' lang='lat' dir='ltr'><strong>non</strong></span> <span class='ocrx_word' id='word_1_145' title='bbox 903 2426 1077 2485; x_wconf 85' lang='lat' dir='ltr'><strong>adverbium</strong></span> <span class='ocrx_word' id='word_1_146' title='bbox 1106 2427 1304 2502; x_wconf 78' lang='lat' dir='ltr'><strong>usurpaverit.</strong></span> 
     </span>
     <span class='ocr_line' id='line_1_21' title="bbox 278 2526 1305 2606; baseline 0.008 -24"><span class='ocrx_word' id='word_1_147' title='bbox 278 2526 393 2585; x_wconf 85' lang='lat' dir='ltr'><strong>Deinde</strong></span> <span class='ocrx_word' id='word_1_148' title='bbox 416 2545 482 2586; x_wconf 90' lang='lat' dir='ltr'><strong>oum</strong></span> <span class='ocrx_word' id='word_1_149' title='bbox 504 2528 654 2588; x_wconf 87' lang='lat' dir='ltr'><strong>exereitus</strong></span> <span class='ocrx_word' id='word_1_150' title='bbox 675 2529 741 2605; x_wconf 91' lang='lat' dir='ltr'><strong>ipso</strong></span> <span class='ocrx_word' id='word_1_151' title='bbox 764 2528 979 2606; x_wconf 87' lang='lat' dir='ltr'><strong>progrediendo</strong></span> <span class='ocrx_word' id='word_1_152' title='bbox 1000 2549 1061 2588; x_wconf 94' lang='lat' dir='ltr'><strong>non</strong></span> <span class='ocrx_word' id='word_1_153' title='bbox 1076 2548 1194 2605; x_wconf 90' lang='lat' dir='ltr'><strong>semper</strong></span> <span class='ocrx_word' id='word_1_154' title='bbox 1216 2548 1305 2606; x_wconf 86' lang='lat' dir='ltr'><strong>pro·</strong></span> 
     </span>
     <span class='ocr_line' id='line_1_22' title="bbox 274 2626 1305 2704; baseline 0.008 -19"><span class='ocrx_word' id='word_1_155' title='bbox 274 2626 368 2704; x_wconf 90' lang='lat' dir='ltr'><strong>pius</strong></span> <span class='ocrx_word' id='word_1_156' title='bbox 397 2629 552 2689; x_wconf 87' lang='lat' dir='ltr'><strong>hostem</strong></span> <span class='ocrx_word' id='word_1_157' title='bbox 582 2632 717 2704; x_wconf 86' lang='lat' dir='ltr'><strong>aooedat,</strong></span> <span class='ocrx_word' id='word_1_158' title='bbox 748 2634 840 2692; x_wconf 86' lang='lat' dir='ltr'><strong>verba</strong></span> <span class='ocrx_word' id='word_1_159' title='bbox 873 2651 943 2691; x_wconf 89' lang='lat' dir='ltr'><strong>vere</strong></span> <span class='ocrx_word' id='word_1_160' title='bbox 965 2631 1075 2692; x_wconf 86' lang='lat' dir='ltr'><strong>tradita</strong></span> <span class='ocrx_word' id='word_1_161' title='bbox 1097 2631 1305 2693; x_wconf 85' lang='lat' dir='ltr'><strong>diffioultatem</strong></span> 
     </span>
     <span class='ocr_line' id='line_1_23' title="bbox 276 2732 1303 2808; baseline 0.005 -19"><span class='ocrx_word' id='word_1_162' title='bbox 276 2733 421 2808; x_wconf 86' lang='lat' dir='ltr'><strong>praebent</strong></span> <span class='ocrx_word' id='word_1_163' title='bbox 441 2732 563 2792; x_wconf 91' lang='lat' dir='ltr'><strong>nullam.</strong></span> <span class='ocrx_word' id='word_1_164' title='bbox 608 2734 683 2792; x_wconf 86' lang='lat' dir='ltr'><strong>Nam</strong></span> <span class='ocrx_word' id='word_1_165' title='bbox 714 2735 848 2794; x_wconf 85' lang='lat' dir='ltr'><strong>eonferas</strong></span> <span class='ocrx_word' id='word_1_166' title='bbox 876 2734 974 2794; x_wconf 92' lang='lat' dir='ltr'><strong>looum</strong></span> <span class='ocrx_word' id='word_1_167' title='bbox 1003 2733 1188 2793; x_wconf 86' lang='lat' dir='ltr'><strong>simillimum</strong></span> <span class='ocrx_word' id='word_1_168' title='bbox 1212 2735 1303 2808; x_wconf 83' lang='lat'>47,2</span> 
     </span>
     <span class='ocr_line' id='line_1_24' title="bbox 275 2832 1305 2916; baseline 0.005 -25"><span class='ocrx_word' id='word_1_169' title='bbox 275 2832 482 2914; x_wconf 75' lang='lat' dir='ltr'><strong>[procedendo]</strong></span> <span class='ocrx_word' id='word_1_170' title='bbox 523 2834 733 2916; x_wconf 82' lang='lat' dir='ltr'><strong>propius[que]</strong></span> <span class='ocrx_word' id='word_1_171' title='bbox 772 2838 877 2895; x_wconf 75' lang='grc'><strong>0001000</strong></span> <span class='ocrx_word' id='word_1_172' title='bbox 919 2837 1095 2896; x_wconf 81' lang='lat' dir='ltr'><strong>accedendo:</strong></span> <span class='ocrx_word' id='word_1_173' title='bbox 1139 2837 1305 2896; x_wconf 89' lang='lat' dir='ltr'><strong>similitudo</strong></span> 
     </span>
     <span class='ocr_line' id='line_1_25' title="bbox 276 2938 1303 3016; baseline -0.001 -18"><span class='ocrx_word' id='word_1_174' title='bbox 276 2941 379 3013; x_wconf 87' lang='lat' dir='ltr'><strong>aperta</strong></span> <span class='ocrx_word' id='word_1_175' title='bbox 401 2942 456 3013; x_wconf 79' lang='lat' dir='ltr'><strong>est,</strong></span> <span class='ocrx_word' id='word_1_176' title='bbox 478 2943 578 2998; x_wconf 87' lang='lat' dir='ltr'><strong>temen</strong></span> <span class='ocrx_word' id='word_1_177' title='bbox 595 2938 643 2999; x_wconf 90' lang='lat' dir='ltr'><strong>W.</strong></span> <span class='ocrx_word' id='word_1_178' title='bbox 667 2939 779 3000; x_wconf 84' lang='lat' dir='ltr'><strong>delevit</strong></span> <span class='ocrx_word' id='word_1_179' title='bbox 795 2939 975 3016; x_wconf 80' lang='lat' dir='ltr'><strong>procedendo</strong></span> <span class='ocrx_word' id='word_1_180' title='bbox 997 2944 1028 2999; x_wconf 91' lang='lat' dir='ltr'><strong>et</strong></span> <span class='ocrx_word' id='word_1_181' title='bbox 1050 2938 1303 3015; x_wconf 76' lang='lat' dir='ltr'><strong>particulamque.</strong></span> 
     </span>
    </p>

    <p class='ocr_par' dir='ltr' id='par_1_7' title="bbox 276 3040 1304 3203">
     <span class='ocr_line' id='line_1_26' title="bbox 363 3040 1304 3122; baseline 0.001 -25"><span class='ocrx_word' id='word_1_182' title='bbox 363 3044 411 3115; x_wconf 83' lang='lat'><strong>50,</strong></span> <span class='ocrx_word' id='word_1_183' title='bbox 435 3047 453 3100; x_wconf 88' lang='lat'><strong>3</strong></span> <span class='ocrx_word' id='word_1_184' title='bbox 486 3042 594 3099; x_wconf 79' lang='lat' dir='ltr'><strong>Caesar</strong></span> <span class='ocrx_word' id='word_1_185' title='bbox 623 3040 804 3122; x_wconf 75' lang='lat' dir='ltr'><strong>[postquam]</strong></span> <span class='ocrx_word' id='word_1_186' title='bbox 835 3043 963 3120; x_wconf 78' lang='lat' dir='ltr'><strong>equitatu</strong></span> <span class='ocrx_word' id='word_1_187' title='bbox 994 3050 1060 3100; x_wconf 79' lang='lat' dir='ltr'><strong>ante</strong></span> <span class='ocrx_word' id='word_1_188' title='bbox 1080 3043 1240 3117; x_wconf 66' lang='lat' dir='ltr'><strong>praemisso</strong></span> <span class='ocrx_word' id='word_1_189' title='bbox 1262 3073 1304 3084; x_wconf 91' lang='lat'>-</span> 
     </span>
     <span class='ocr_line' id='line_1_27' title="bbox 276 3142 820 3203; baseline 0.006 -3"><span class='ocrx_word' id='word_1_190' title='bbox 276 3161 338 3200; x_wconf 85' lang='lat' dir='ltr'><strong>eum</strong></span> <span class='ocrx_word' id='word_1_191' title='bbox 362 3142 403 3201; x_wconf 84' lang='lat' dir='ltr'><strong>od</strong></span> <span class='ocrx_word' id='word_1_192' title='bbox 422 3161 484 3201; x_wconf 84' lang='lat' dir='ltr'><strong>eum</strong></span> <span class='ocrx_word' id='word_1_193' title='bbox 507 3144 599 3201; x_wconf 81' lang='lat' dir='ltr'><strong>Iocum</strong></span> <span class='ocrx_word' id='word_1_194' title='bbox 622 3146 747 3203; x_wconf 81' lang='lat' dir='ltr'><strong>venisset</strong></span> <span class='ocrx_word' id='word_1_195' title='bbox 766 3179 820 3203; x_wconf 90' lang='grc'><strong>-.</strong></span> 
     </span>
    </p>

    <p class='ocr_par' dir='ltr' id='par_1_8' title="bbox 275 3245 1304 3738">
     <span class='ocr_line' id='line_1_28' title="bbox 363 3245 1304 3324; baseline 0.003 -21"><span class='ocrx_word' id='word_1_196' title='bbox 363 3245 564 3305; x_wconf 78' lang='lat' dir='ltr'><strong>Anaooluthia</strong></span> <span class='ocrx_word' id='word_1_197' title='bbox 593 3266 668 3324; x_wconf 87' lang='lat' dir='ltr'><strong>quae</strong></span> <span class='ocrx_word' id='word_1_198' title='bbox 697 3247 777 3308; x_wconf 86' lang='lat' dir='ltr'><strong>inest</strong></span> <span class='ocrx_word' id='word_1_199' title='bbox 798 3246 831 3305; x_wconf 92' lang='lat' dir='ltr'><strong>in</strong></span> <span class='ocrx_word' id='word_1_200' title='bbox 853 3245 1093 3306; x_wconf 88' lang='lat' dir='ltr'><strong>ooniunotionum</strong></span> <span class='ocrx_word' id='word_1_201' title='bbox 1115 3245 1304 3322; x_wconf 86' lang='lat' dir='ltr'><strong>repetitione,</strong></span> 
     </span>
     <span class='ocr_line' id='line_1_29' title="bbox 276 3345 1304 3426; baseline 0.003 -21"><span class='ocrx_word' id='word_1_202' title='bbox 276 3367 335 3426; x_wconf 90' lang='lat' dir='ltr'><strong>qua</strong></span> <span class='ocrx_word' id='word_1_203' title='bbox 367 3345 495 3422; x_wconf 85' lang='lat' dir='ltr'><strong>soriptor</strong></span> <span class='ocrx_word' id='word_1_204' title='bbox 525 3346 634 3424; x_wconf 91' lang='lat' dir='ltr'><strong>prioris</strong></span> <span class='ocrx_word' id='word_1_205' title='bbox 666 3349 776 3410; x_wconf 82' lang='lat' dir='ltr'><strong>oblitus</strong></span> <span class='ocrx_word' id='word_1_206' title='bbox 807 3368 915 3408; x_wconf 89' lang='lat' dir='ltr'><strong>novam</strong></span> <span class='ocrx_word' id='word_1_207' title='bbox 944 3347 1081 3422; x_wconf 85' lang='lat' dir='ltr'><strong>induxit,</strong></span> <span class='ocrx_word' id='word_1_208' title='bbox 1116 3349 1231 3409; x_wconf 86' lang='lat' dir='ltr'><strong>duobus</strong></span> <span class='ocrx_word' id='word_1_209' title='bbox 1253 3351 1304 3408; x_wconf 92' lang='lat' dir='ltr'><strong>de·</strong></span> 
     </span>
     <span class='ocr_line' id='line_1_30' title="bbox 275 3448 1304 3531; baseline 0.002 -23"><span class='ocrx_word' id='word_1_210' title='bbox 275 3448 410 3509; x_wconf 82' lang='lat' dir='ltr'><strong>ienditur</strong></span> <span class='ocrx_word' id='word_1_211' title='bbox 432 3449 578 3526; x_wconf 87' lang='lat' dir='ltr'><strong>exemplis</strong></span> <span class='ocrx_word' id='word_1_212' title='bbox 600 3449 762 3512; x_wconf 88' lang='lat' dir='ltr'><strong>similibus:</strong></span> <span class='ocrx_word' id='word_1_213' title='bbox 790 3457 839 3524; x_wconf 89' lang='grc'><strong>40,</strong></span> <span class='ocrx_word' id='word_1_214' title='bbox 864 3456 881 3510; x_wconf 80' lang='lat'><strong>5</strong></span> <span class='ocrx_word' id='word_1_215' title='bbox 901 3461 1054 3530; x_wconf 81' lang='lat' dir='ltr'><strong>postquam</strong></span> <span class='ocrx_word' id='word_1_216' title='bbox 1078 3485 1118 3495; x_wconf 91' lang='grc'>-</span> <span class='ocrx_word' id='word_1_217' title='bbox 1142 3448 1237 3531; x_wconf 85' lang='lat' dir='ltr'><strong>[oum]</strong></span> <span class='ocrx_word' id='word_1_218' title='bbox 1257 3471 1304 3510; x_wconf 83' lang='lat' dir='ltr'><strong>re·</strong></span> 
     </span>
     <span class='ocr_line' id='line_1_31' title="bbox 275 3553 1304 3633; baseline 0 -20"><span class='ocrx_word' id='word_1_219' title='bbox 275 3555 374 3632; x_wconf 74' lang='lat' dir='ltr'><strong>captui</strong></span> <span class='ocrx_word' id='word_1_220' title='bbox 395 3553 504 3611; x_wconf 79' lang='lat' dir='ltr'><strong>Caesar</strong></span> <span class='ocrx_word' id='word_1_221' title='bbox 534 3555 604 3611; x_wconf 83' lang='lat' dir='ltr'><strong>euni</strong></span> <span class='ocrx_word' id='word_1_222' title='bbox 623 3555 761 3612; x_wconf 79' lang='lat' dir='ltr'><strong>iussisset.</strong></span> <span class='ocrx_word' id='word_1_223' title='bbox 811 3560 839 3627; x_wconf 89' lang='lat'><strong>4,</strong></span> <span class='ocrx_word' id='word_1_224' title='bbox 863 3560 880 3612; x_wconf 91' lang='grc'><strong>3</strong></span> <span class='ocrx_word' id='word_1_225' title='bbox 904 3573 957 3633; x_wconf 83' lang='lat' dir='ltr'><strong>quo</strong></span> <span class='ocrx_word' id='word_1_226' title='bbox 979 3554 1151 3632; x_wconf 80' lang='lat' dir='ltr'><strong>simulatque</strong></span> <span class='ocrx_word' id='word_1_227' title='bbox 1172 3557 1304 3631; x_wconf 80' lang='lat' dir='ltr'><strong>captiuus</strong></span> 
     </span>
     <span class='ocr_line' id='line_1_32' title="bbox 278 3653 639 3738; baseline -0.006 -22"><span class='ocrx_word' id='word_1_228' title='bbox 278 3653 370 3738; x_wconf 84' lang='lat' dir='ltr'><strong>[oum]</strong></span> <span class='ocrx_word' id='word_1_229' title='bbox 389 3657 565 3734; x_wconf 75' lang='lat' dir='ltr'><strong>perueniaset</strong></span> <span class='ocrx_word' id='word_1_230' title='bbox 590 3689 639 3714; x_wconf 87' lang='lat'><strong>—.</strong></span> 
     </span>
    </p>

    <p class='ocr_par' dir='ltr' id='par_1_9' title="bbox 276 3758 1305 4041">
     <span class='ocr_line' id='line_1_33' title="bbox 363 3758 1305 3839; baseline -0.002 -20"><span class='ocrx_word' id='word_1_231' title='bbox 363 3759 495 3839; x_wconf 89' lang='lat' dir='ltr'><strong>Utroque</strong></span> <span class='ocrx_word' id='word_1_232' title='bbox 517 3759 581 3818; x_wconf 94' lang='lat' dir='ltr'><strong>looo</strong></span> <span class='ocrx_word' id='word_1_233' title='bbox 605 3760 653 3820; x_wconf 90' lang='lat' dir='ltr'><strong>W.</strong></span> <span class='ocrx_word' id='word_1_234' title='bbox 676 3759 798 3818; x_wconf 88' lang='lat' dir='ltr'><strong>alteram</strong></span> <span class='ocrx_word' id='word_1_235' title='bbox 822 3759 1062 3820; x_wconf 87' lang='lat' dir='ltr'><strong>eoniunotionem</strong></span> <span class='ocrx_word' id='word_1_236' title='bbox 1085 3758 1207 3821; x_wconf 78' lang='lat' dir='ltr'><strong>delevit</strong></span> <span class='ocrx_word' id='word_1_237' title='bbox 1246 3759 1305 3818; x_wconf 80' lang='lat' dir='ltr'><strong>see</strong></span> 
     </span>
     <span class='ocr_line' id='line_1_34' title="bbox 276 3861 1302 3942; baseline -0.003 -20"><span class='ocrx_word' id='word_1_238' title='bbox 276 3863 356 3942; x_wconf 88' lang='lat' dir='ltr'><strong>quod</strong></span> <span class='ocrx_word' id='word_1_239' title='bbox 384 3863 421 3921; x_wconf 89' lang='lat' dir='ltr'><strong>ad</strong></span> <span class='ocrx_word' id='word_1_240' title='bbox 443 3867 473 3934; x_wconf 83' lang='lat'><strong>4,</strong></span> <span class='ocrx_word' id='word_1_241' title='bbox 496 3867 514 3920; x_wconf 84' lang='lat'><strong>3</strong></span> <span class='ocrx_word' id='word_1_242' title='bbox 545 3861 668 3923; x_wconf 83' lang='lat' dir='ltr'><strong>adnotet</strong></span> <span class='ocrx_word' id='word_1_243' title='bbox 696 3863 894 3920; x_wconf 78' lang='lat' dir='ltr'><strong>coniunctivae</strong></span> <span class='ocrx_word' id='word_1_244' title='bbox 921 3863 1025 3939; x_wconf 81' lang='lat' dir='ltr'><strong>pendet</strong></span> <span class='ocrx_word' id='word_1_245' title='bbox 1052 3882 1089 3918; x_wconf 82' lang='grc'><strong>00</strong></span> <span class='ocrx_word' id='word_1_246' title='bbox 1110 3862 1302 3940; x_wconf 72' lang='grc' dir='ltr'><strong>000010100ος</strong></span> 
     </span>
     <span class='ocr_line' id='line_1_35' title="bbox 277 3963 1304 4041; baseline 0 -19"><span class='ocrx_word' id='word_1_247' title='bbox 277 3965 469 4041; x_wconf 77' lang='lat' dir='ltr'><strong>interpolator</strong></span> <span class='ocrx_word' id='word_1_248' title='bbox 498 3975 591 4023; x_wconf 84' lang='lat' dir='ltr'><strong>autem</strong></span> <span class='ocrx_word' id='word_1_249' title='bbox 621 3983 701 4022; x_wconf 86' lang='lat' dir='ltr'><strong>oum</strong></span> <span class='ocrx_word' id='word_1_250' title='bbox 732 3963 853 4035; x_wconf 79' lang='lat' dir='ltr'><strong>addidit,</strong></span> <span class='ocrx_word' id='word_1_251' title='bbox 890 3973 920 4022; x_wconf 82' lang='lat' dir='ltr'><strong>ut</strong></span> <span class='ocrx_word' id='word_1_252' title='bbox 951 3965 1060 4022; x_wconf 85' lang='lat' dir='ltr'><strong>modum</strong></span> <span class='ocrx_word' id='word_1_253' title='bbox 1084 3964 1304 4023; x_wconf 72' lang='grc'><strong>0001000000-</strong></span> 
     </span>
    </p>
   </div>
   <div class='ocr_carea' id='block_1_3' title="bbox 276 4065 1302 4150">
    <p class='ocr_par' dir='ltr' id='par_1_10' title="bbox 276 4065 1302 4150">
     <span class='ocr_line' id='line_1_36' title="bbox 276 4065 1302 4150; baseline 0.002 -25"><span class='ocrx_word' id='word_1_254' title='bbox 276 4075 393 4125; x_wconf 77' lang='grc'><strong>00000001</strong></span> <span class='ocrx_word' id='word_1_255' title='bbox 422 4067 529 4127; x_wconf 85' lang='lat' dir='ltr'><strong>falsum</strong></span> <span class='ocrx_word' id='word_1_256' title='bbox 560 4072 614 4128; x_wconf 91' lang='lat' dir='ltr'><strong>est.</strong></span> <span class='ocrx_word' id='word_1_257' title='bbox 658 4067 733 4130; x_wconf 85' lang='lat' dir='ltr'><strong>Nam</strong></span> <span class='ocrx_word' id='word_1_258' title='bbox 764 4087 798 4126; x_wconf 90' lang='lat' dir='ltr'><strong>eo</strong></span> <span class='ocrx_word' id='word_1_259' title='bbox 830 4087 888 4150; x_wconf 89' lang='lat' dir='ltr'><strong>quo</strong></span> <span class='ocrx_word' id='word_1_260' title='bbox 919 4066 1027 4130; x_wconf 82' lang='lat' dir='ltr'><strong>nititur</strong></span> <span class='ocrx_word' id='word_1_261' title='bbox 1051 4065 1115 4128; x_wconf 88' lang='lat' dir='ltr'><strong>loeo</strong></span> <span class='ocrx_word' id='word_1_262' title='bbox 1139 4071 1168 4140; x_wconf 85' lang='lat'><strong>8,</strong></span> <span class='ocrx_word' id='word_1_263' title='bbox 1194 4071 1207 4125; x_wconf 87' lang='lat'>1</span> <span class='ocrx_word' id='word_1_264' title='bbox 1233 4085 1302 4128; x_wconf 90' lang='lat' dir='ltr'><strong>oon·</strong></span> 
     </span>
    </p>
   </div>
   <div class='ocr_carea' id='block_1_4' title="bbox 0 0 1442 4778">
    <p class='ocr_par' dir='ltr' id='par_1_11' title="bbox 0 0 1442 4778">
     <span class='ocr_line' id='line_1_37' title="bbox 0 0 1442 4778; baseline 0 0"><span class='ocrx_word' id='word_1_265' title='bbox 0 0 1442 4778; x_wconf 95' lang='lat' dir='ltr'><strong> </strong></span> 
     </span>
    </p>
   </div>
  </div>
 </body>
</html>
