2872 4778
653 263 867 340 ..24-

241 453 379 510 autunum
402 445 534 525 speravit
555 444 706 505 hominem
728 464 839 523 sapere,
868 444 919 524 qui
942 443 1091 507 rhetorica
1113 444 1275 524 disciplina

240 559 292 612 aut
313 549 433 612 omnino
455 569 516 609 non
538 555 589 608 aut
610 548 830 628 aliquantulum
851 548 943 609 fuerit
964 548 1104 609 imbutus.
1150 552 1275 611 Praeter

240 653 457 716 infinitivi
487 651 680 712 historici
708 652 867 711 maximnm
895 651 1052 732 copiam1)
1079 652 1205 729 integris
1227 655 1273 713 in-

240 757 344 836 primis
380 755 581 835 gravibusque
617 755 732 814 studuit
768 753 991 816 enuntiatorum
1021 755 1221 817 clausulis
1234 756 1272 835 ²).

242 860 426 922 creberrimo
457 858 565 919 deinde
594 857 894 938 prothysterii)
924 858 1037 934 figurae
1065 879 1121 919 usu
1142 858 1214 919 item
1238 879 1273 918 eo

241 963 379 1036 tetendit,
411 965 444 1022 ut
475 962 635 1022 vorborum
665 961 859 1022 collocatione
885 961 1104 1039 exspectationi
1127 962 1274 1022 contraria

243 1066 358 1126 animos
381 1063 544 1140 legentium
569 1065 605 1123 ad
628 1062 673 1123 rei
689 1063 866 1139 gravitatem
882 1063 1099 1142 adverteret3).
1129 1065 1273 1144 Idemque

241 1169 323 1229 haud
343 1167 504 1243 ignoravit,
534 1172 569 1226 ut
590 1166 685 1227 oratic
707 1167 785 1228 bene
807 1167 998 1248 suaviterque
1019 1168 1197 1242 decurreret,
1220 1168 1274 1227 ali·

243 1270 350 1353 quanti
389 1289 453 1331 esso
489 1270 633 1330 momenti
670 1273 867 1330 membrorum
912 1270 1273 1352 concinnitatem)

242 1375 465 1453 formarumque
487 1372 869 1452 alliteraticnem5).
914 1373 969 1432 Oui
1000 1373 1051 1434 ille
1080 1373 1179 1435 studio
1201 1376 1274 1434 adeo

242 1477 376 1553 indulsit,
407 1481 442 1536 ut
463 1480 627 1538 structuras
650 1496 794 1554 usurpare
817 1478 948 1551 auderet,
978 1498 1055 1556 quas
1077 1481 1130 1537 aut
1151 1477 1273 1537 omnino

312 1649 338 1711 1)
356 1648 405 1695 Ssd
432 1661 487 1694 cum
512 1648 537 1694 in
561 1647 608 1694 hac
633 1651 754 1695 structure
779 1647 885 1707 scriptor
909 1647 1005 1696 nullum
1029 1648 1077 1695 sibi
1098 1649 1198 1695 modum
1217 1662 1274 1695 oon·

243 1735 365 1784 stituisset
388 1732 468 1798 (vslut
486 1748 507 1780 c.
526 1733 583 1797 20),
610 1734 703 1781 iactum
727 1737 778 1792 est,
805 1737 832 1780 ut
855 1733 878 1780 ei
901 1747 986 1781 omnes
1009 1746 1100 1784 nervos
1118 1733 1274 1796 detrahsrst3

244 1835 271 1867 v.
288 1820 387 1867 Prochl.
406 1821 427 1878 1,
445 1834 502 1880 pag.
522 1820 563 1866 28.

312 1903 338 1968 2)
356 1905 413 1954 vide
432 1920 506 1966 supro
523 1919 581 1967 pag.
601 1907 631 1954 17
650 1905 676 1952 in
693 1905 751 1964 fine,
769 1904 834 1952 inirs
851 1905 883 1951 ad
902 1907 942 1964 20,
964 1908 986 1952 l.

312 1989 339 2056 3)
357 1991 490 2039 Nonnullis
507 1991 568 2040 locis
585 1996 643 2051 epto
662 1999 691 2039 ea
703 1995 821 2052 usurpata
833 1991 938 2049 videtur,
956 1992 1028 2040 volut
1039 1995 1079 2050 46,
1093 1996 1108 2042 4
1122 1991 1272 2039 dimittendos

243 2077 459 2139 promotionemque
474 2076 578 2125 edictam
590 2077 782 2138 proponendam.
810 2078 852 2137 21,
865 2078 881 2124 3
898 2076 1055 2124 ιἰιοοπάὠαπι
1071 2085 1143 2138 atque
1155 2093 1275 2138 enpupna-

243 2162 311 2212 bast.
347 2165 423 2223 54,4
450 2162 532 2212 aberro
553 2163 685 2225 proficisci.
721 2163 826 2222 Saepius
851 2166 933 2210 autom
959 2177 1002 2210 our
1026 2168 1145 2223 usurpata
1167 2164 1200 2211 sit
1225 2178 1275 2211 non

203 2301 213 2312 ¹
245 2250 408 2313 intellegitur,
425 2251 496 2299 velut
514 2253 584 2310 20,1
603 2264 703 2296 amore
720 2262 827 2297 macore.
854 2252 925 2308 41,2
944 2249 1075 2309 elephantis
1093 2248 1187 2296 aaron
1205 2249 1278 2297 otter-

243 2337 332 2398 poritr'r
347 2335 522 2400 {amatque}
549 2336 600 2401 (W.
612 2335 707 2383 insulsa
724 2334 886 2383 collocatione
898 2335 1007 2383 offensus
1018 2336 1166 2395 amotoque
1177 2336 1277 2390 delevit,

246 2428 374 2483 praeterea
391 2427 474 2470 autem
493 2422 609 2482 scriptori
626 2422 688 2469 hacc
706 2421 851 2481 compositio
868 2422 969 2470 tundat
980 2429 1136 2481 amictusque
1148 2421 1277 2469 familiaris

247 2513 300 2571 ost,
318 2508 362 2556 cfr.
382 2508 423 2566 31,
437 2511 451 2557 3
464 2513 571 2568 paratus
587 2512 749 2566 armataeque.
776 2507 845 2566 46,3
863 2507 980 2556 aduersas
997 2505 1171 2572 amotusque.)
1207 2509 1247 2566 23,
1262 2508 1277 2555 3

245 2599 385 2654 prostrator
398 2593 585 2654 pecten-storeae
603 2608 625 2642 e.
638 2606 661 2651 q.
674 2607 703 2652 s,
720 2593 765 2641 cfr.
782 2591 814 2639 ad
831 2595 874 2654 66,
893 2594 917 2643 6.

321 2678 348 2744 4)
366 2679 447 2727 Huius
471 2679 565 2740 figuras
590 2679 699 2727 studium
722 2678 780 2727 inde
806 2679 919 2739 inprimis
936 2681 1024 2739 elucet,
1050 2679 1117 2741 quod
1134 2693 1191 2726 cum
1207 2693 1279 2727 suum

248 2766 338 2826 cuique
350 2766 476 2813 nuntiato
489 2765 604 2813 tribuerit
616 2765 721 2813 verbum
737 2765 848 2814 eiusdem
855 2766 964 2813 ambitus
973 2767 1098 2814 enuntiata
1106 2765 1278 2823 conformavit,

249 2854 319 2900 vslut
332 2856 354 2913 l,
369 2854 384 2900 5
401 2866 474 2900 aanor
492 2852 577 2913 leopos
589 2851 715 2912 adouperi,
733 2858 755 2900 et
766 2853 893 2900 caesariae
904 2851 1036 2912 complures
1047 2851 1127 2899 eodem
1139 2865 1279 2898 concurrere

250 2943 275 2986 st
290 2938 393 3000 hmines
410 2939 514 2987 tineosum
531 2938 663 2986 eonomine.
690 2940 732 2998 23,
746 2941 761 2987 3
773 2952 845 2985 auree
856 2938 943 2985 comit
954 2963 988 2974 -
1000 2938 1147 2998 maremque
1157 2938 1277 2985 ooaoertit.

251 3027 293 3084 57,
312 3029 327 3075 3
346 3022 503 3075 oboedientem
515 3023 596 3087 sumac
615 3051 647 3061 -
666 3022 845 3084 obtemperasse.
882 3023 925 3086 46,
944 3026 958 3072 2
980 3022 1078 3084 aesario
1095 3024 1181 3071 calere
1197 3030 1280 3071 emta·

248 3110 352 3159 ms'notoe
369 3117 392 3158 et
409 3111 482 3159 ccede
500 3109 586 3158 ormam
604 3109 736 3170 supinatae.
765 3110 799 3157 Et
817 3108 852 3156 sic
870 3108 971 3170 passim,
989 3111 1058 3157 volnt
1077 3111 1117 3169 16,
1136 3113 1168 3173 4,
1187 3112 1229 3170 32,
1248 3113 1278 3170 3,

248 3198 292 3256 40,
311 3198 340 3257 6,
361 3198 402 3258 42,
422 3200 453 3257 1,
471 3199 513 3257 44,
532 3198 563 3260 2,
583 3198 624 3256 62,
644 3198 674 3259 6,
693 3197 733 3254 oo,
754 3198 785 3259 1,
803 3196 844 3255 85,
864 3199 895 3257 1,
913 3196 954 3254 86,
973 3197 988 3243 2
1007 3209 1097 3254 s.q.s.

319 3283 346 3342 5)
363 3282 430 3330 Hinc
446 3282 560 3344 inprimis
577 3283 657 3330 clucet
674 3282 800 3342 quaesitae
818 3281 971 3342 eloquentiae
988 3281 1103 3328 studium.
1136 3281 1177 3341 74,
1190 3283 1205 3329 2
1218 3280 1279 3327 diri·

244 3366 360 3431 piendum
378 3367 554 3428 delendumque.
579 3368 754 3429 19,4oampr'o
766 3367 918 3429 ploaisrr'ras‘o
932 3366 1123 3428 purissimaeque.
1149 3367 1280 3428 20,1telo

248 3459 418 3513 nummoque.
444 3455 515 3515 44,3
534 3467 619 3517 compo
636 3453 786 3515 candorque.
815 3456 868 3514 2,6
886 3460 953 3502 cento
971 3460 1034 3502 certo
1051 3451 1168 3512 celerique
1183 3452 1280 3511 accipio

249 3540 318 3606 (hinc
338 3540 462 3588 chiesmus
479 3553 577 3601 qnoque
594 3545 667 3589 natus
685 3538 742 3605 ost).
779 3542 854 3603 10,6
880 3539 945 3588 ouda
961 3538 1049 3599 omero.
1087 3541 1127 3598 20,
1145 3540 1174 3599 4,
1202 3539 1278 3597 26,5

249 3625 317 3674 dirui
332 3642 363 3673 ao
381 3626 464 3675 deleri.
497 3628 539 3687 26,
556 3629 572 3674 4
592 3627 713 3688 depositm
731 3628 889 3687 desectoque.
921 3624 1149 3686 31,1mioutarim
1166 3623 1280 3671 modeste·

250 3727 295 3773 que
312 3713 363 3760 eine
378 3713 479 3761 woraldo
495 3719 539 3760 aret
554 3718 652 3761 terrore.
685 3714 727 3771 31,
745 3716 774 3776 5,
793 3715 836 3774 23,
854 3717 886 3775 3,
904 3715 946 3771 80,
965 3714 980 3761 d
994 3711 1074 3772 pulsio
1087 3709 1278 3771 perterritisque.

251 3800 292 3857 30,
311 3803 325 3847 2
341 3799 459 3860 monim
471 3797 740 3860 pollicitationibusque.
766 3801 808 3857 40,
827 3798 937 3858 dpretio
950 3795 1174 3858 pollicitationibus.
1203 3798 1278 3854 40,3

250 3885 349 3944 imputo
366 3892 389 3933 et
405 3883 514 3946 impulsu.
543 3887 614 3945 tuo
631 3884 658 3931 eir
673 3890 716 3930 tua
735 3889 798 3932 tam
810 3889 936 3944 potestate·
964 3885 1033 3947 71,1
1054 3889 1190 3936 ueteranum
1208 3881 1281 3928 victo·

250 3983 352 4033 remque.
390 3972 431 4030 72,
450 3974 466 4020 3
482 3970 621 4032 mapaitudc
637 3967 815 4036 multitudoque.
