2872 4778
611 345 824 412 ..16-

199 519 349 599 specimen
377 524 541 599 praebeant
571 519 725 594 sermonis,
757 540 815 599 qno
838 519 944 596 volgus
966 519 1011 579 uti
1034 519 1117 593 solet,
1151 521 1230 597 apud

200 623 339 685 Asinium
353 624 466 686 frustra
481 643 606 703 quaeras
623 623 688 702 (cfr.
702 625 739 682 da
751 623 807 681 hoc
817 644 873 682 usu
883 623 1014 682 Koehler
1027 624 1050 696 Ι,
1065 643 1131 699 pag.
1145 623 1229 700 463).

285 727 317 787 Si
331 727 440 786 deinde
455 727 487 785 in
504 727 710 786 adverbiorum
724 726 909 804 inquiremus
924 746 1018 799 usum,
1040 725 1229 785 inveniemus

202 831 378 893 adverbium
400 828 469 887 bene
491 850 549 908 quo
571 830 617 888 vis
640 837 782 904 augeatur
804 829 945 891 adiectivi
968 829 1000 887 in
1019 829 1229 888 commentario

202 948 263 996 non
283 952 446 1006 occurrere,
470 932 604 1012 quamvis
628 933 750 991 Asinius
772 952 806 990 eo
829 952 900 991 usus
922 931 962 990 sit
984 951 1030 1007 ep.
1055 937 1137 1003 33,4
1163 931 1231 989 berre

201 1040 313 1097 multos.
348 1037 441 1095 Porro
457 1036 536 1111 apud
550 1034 689 1094 Asinium
705 1037 767 1113 (31,
784 1033 815 1111 2)
832 1033 956 1108 legitur:
980 1054 1035 1092 cion
1049 1031 1230 1110 frequenter,

201 1138 460 1212 condelectantem
491 1139 523 1198 in
553 1137 763 1197 commentario
792 1144 891 1196 autem
913 1136 1083 1197 invenimus
1107 1136 1230 1194 incredi-

202 1242 300 1318 biliter
328 1241 391 1319 (52,
415 1241 463 1319 b),
497 1244 694 1300 inconstanter
725 1242 788 1316 (32,
815 1240 853 1317 l).
905 1239 1090 1300 Adverbium
1122 1237 1230 1298 deinde

200 1346 289 1423 plane
318 1347 398 1424 qnod
425 1344 532 1404 mirum
556 1351 700 1424 quantum
723 1363 820 1402 amare
843 1341 979 1402 Asinium
1003 1344 1050 1403 W.
1073 1343 1139 1419 ipse
1161 1361 1230 1401 con·

202 1448 282 1508 cedit
309 1448 367 1524 (sp.
392 1452 441 1519 31,
468 1453 485 1505 2
509 1445 601 1527 [bis];
627 1452 660 1520 53
695 1451 743 1520 32,
770 1445 808 1525 1),
839 1446 908 1504 huic
939 1445 1078 1522 scriptori
1109 1444 1230 1504 omnino

201 1551 295 1610 deest.
345 1548 431 1612 Quod
464 1571 529 1609 cum
563 1555 666 1609 contra
695 1550 855 1625 Landgrafi
888 1549 1066 1610 sententiam
1097 1568 1230 1626 pugnare

201 1651 401 1737 intellexisset
421 1653 479 1725 W,
510 1651 709 1712 coniecturam
741 1651 926 1728 periclitatus
957 1653 1027 1712 hnic
1059 1670 1230 1711 succurrere

202 1756 317 1815 studuit
346 1755 540 1813 incommodo.
590 1755 699 1833 Itaque
728 1774 792 1831 cap.
817 1760 865 1829 21,
890 1761 907 1813 2
939 1755 1111 1815 adverbium
1139 1773 1231 1832 paene

204 1857 333 1918 mutavit
354 1857 386 1916 in
405 1858 504 1933 plane,
528 1877 615 1935 quam
637 1857 801 1918 infeliciter
822 1858 902 1918 infra
923 1858 1100 1918 videbimus.

288 1961 347 2020 Sed
369 1960 513 2020 accedunt
533 1960 600 2019 alie.

287 2063 400 2157 Vpcnla
425 2065 544 2141 qur‘dem,
575 2084 634 2142 qua
663 2069 805 2139 angeatur
834 2065 1075 2125 coniunctionum
1107 2063 1163 2137 vis,
1195 2065 1231 2122 ab

203 2173 322 2228 auctore
357 2166 561 2227 commentarii
594 2167 713 2227 omnino
747 2173 791 2226 est
821 2169 927 2228 aliena.
978 2167 1102 2227 Asinius
1134 2172 1230 2225 entem

203 2273 326 2331 eandem
356 2270 473 2346 saepius
503 2265 641 2347 usurpet:
676 2277 724 2344 32,
755 2277 772 2328 3
803 2281 832 2328 ee
860 2273 981 2348 quidem,
1013 2290 1076 2328 cum
1104 2271 1230 2355 qm'dam3

203 2379 254 2449 33,
276 2379 287 2432 1
313 2377 342 2432 si
362 2373 490 2450 quidem
512 2372 591 2431 idem
613 2374 693 2451 apud
714 2375 781 2432 Sen.
805 2394 882 2433 suas.
908 2375 958 2449 VI,
983 2380 1031 2434 24.
1070 2376 1146 2431 Item
1170 2392 1229 2431 non

203 2477 333 2537 occurrit
353 2475 386 2535 in
409 2475 619 2534 commentario
641 2477 720 2549 adeo,
752 2477 831 2555 quod
854 2477 899 2536 bis
923 2476 986 2554 (31,
1011 2484 1046 2547 2;
1071 2481 1119 2549 33,
1145 2476 1175 2552 5)
1198 2475 1229 2533 in

203 2577 341 2655 epistulis
363 2575 482 2652 legitur.
527 2577 677 2637 Particula
707 2579 837 2658 denique
869 2599 945 2652 cero,
978 2601 1043 2640 cum
1072 2579 1105 2638 iu
1135 2578 1231 2638 tribus

203 2680 341 2760 epistulis
357 2681 447 2740 octies
462 2680 577 2756 legatur
592 2683 657 2760 (31,
674 2687 692 2740 2
708 2678 799 2762 [ter];
817 2688 867 2756 32,
884 2689 916 2757 2;
935 2690 964 2755 3,
981 2690 999 2742 4
1018 2679 1107 2763 [bis];
1125 2687 1175 2754 33,
1191 2679 1230 2757 4),

203 2785 234 2843 in
251 2783 397 2860 capitibus
413 2784 631 2844 duodecentum
646 2785 736 2844 semel
752 2786 896 2845 occurrit:
919 2791 968 2858 43,
986 2792 1013 2846 3.
1048 2786 1122 2844 Nam
1141 2785 1188 2856 77,
1202 2789 1231 2856 4,

203 2907 268 2946 curn
300 2887 361 2947 solo
393 2887 494 2946 codice
515 2886 543 2944 D
565 2889 711 2962 tradatur,
743 2890 898 2948 delendam
931 2910 992 2949 eam
1016 2908 1080 2947 esse
1103 2887 1149 2946 W.
1171 2887 1230 2945 iam

203 2990 362 3051 intellexit.
1233 3062 1234 3065 Ἴ

289 3094 442 3155 Mentione
463 3093 493 3153 id
510 3113 628 3174 qnoque
643 3094 765 3170 dignum
781 3095 909 3169 videtur,
932 3097 1010 3175 quod
1026 3093 1230 3156 commentarii

203 3200 306 3255 auctor
335 3197 424 3256 cortis
453 3197 485 3257 in
517 3197 734 3258 elocutionibus
765 3198 914 3273 negativis
944 3198 1121 3275 perticulam
1144 3217 1231 3276 neque

203 3299 331 3359 evitasse
359 3298 488 3374 videtur,
518 3301 602 3360 velut
626 3305 652 3375 1,
676 3307 694 3360 4
720 3311 748 3360 et
777 3303 894 3361 nullum.
940 3307 990 3376 45,
1015 3309 1032 3360 2
1063 3321 1118 3359 non
1147 3303 1230 3359 enim.

203 3403 395 3461 enim-non
413 3407 510 3476 20,4;
530 3408 578 3475 58,
591 3409 620 3464 4.
656 3406 1116 3482 18,botque—nullonegotio.
1149 3408 1230 3476 26,3

203 3524 239 3564 oc
259 3505 341 3564 nulla
363 3510 556 3566 accusatibne.
596 3513 623 3580 3,
645 3513 660 3566 5
685 3526 805 3586 numque
819 3509 926 3569 trullus.
964 3509 1014 3582 47,
1032 3514 1048 3565 2
1072 3526 1232 3585 operaque

200 3608 335 3686 sacrando
352 3629 473 3668 -noa
493 3608 644 3670 hebebant.
671 3611 749 3670 idem
766 3615 856 3683 55,1;
873 3617 922 3685 35,
940 3618 973 3684 3;
991 3616 1039 3690 32,
1056 3612 1122 3689 3¹).
1146 3616 1194 3683 32,
1213 3616 1229 3668 2

203 3722 231 3770 et
252 3747 294 3758 -—
315 3712 491 3787 non3ide1'n
515 3717 564 3787 34,
591 3719 608 3772 6
617 3735 625 3787 ;
649 3715 699 3788 70,
725 3720 738 3773 1
765 3733 826 3792 eqs.

288 3816 401 3877 Similis
429 3816 549 3876 dicendi
578 3815 703 3876 licentia
725 3836 876 3895 nunquam
898 3817 1131 3893 deprehenditur
1153 3817 1230 3896 apud

204 3917 350 3979 Asinium.

274 4071 298 4142 1)
317 4073 365 4120 sabi
381 4099 414 4108 —
431 4087 479 4122 coa
498 4073 526 4121 L.
545 4071 636 4136 αι’ὂὴιιι
654 4099 686 4110 -
703 4086 751 4121 noa
769 4072 857 4136 reliqui
876 4073 946 4124 codd.
