2932 4784
610 383 847 450 -116-

214 566 392 636 cognoverat
421 559 608 619 scribendum
639 556 731 617 fuisse
761 558 816 616 liae
837 577 881 616 re.
926 560 970 619 at
992 560 1026 616 ut
1048 560 1244 619 concedemus

214 682 303 723 unam
334 666 450 723 tantum
471 662 504 721 in
526 661 719 742 sequentibus
742 660 870 739 proferri
892 681 962 736 rem,
992 661 1127 721 conferas
1150 668 1201 736 33,
1230 667 1242 720 l

215 774 323 824 tantum
347 785 433 826 orare
454 774 483 823 et
501 773 599 844 petere
621 763 658 823 alt
680 784 712 823 eo
735 767 782 822 ali
801 763 860 822 sili
877 765 1057 841 praestitiam
1078 766 1163 823 daret
1182 788 1244 835 -,·

213 887 244 927 se
266 878 296 928 et
315 868 496 947 frumentum
518 876 547 926 et
568 885 757 947 quaecumque
779 886 826 925 aes
848 869 889 925 eis
911 877 1092 944 suppeterent
1113 900 1156 912 —
1177 867 1246 925 aab·

215 973 442 1031 ministraturos.
488 970 594 1046 Legati
624 969 805 1048 praesidium
834 971 887 1031 sed
914 968 992 1030 nihil
1014 974 1168 1046 praeterea
1189 970 1247 1028 im·

214 1078 418 1154 petreverunt.
464 1073 626 1152 Exspeotes
653 1073 747 1150 igitur
777 1092 833 1152 qua
861 1093 895 1132 re
916 1076 1084 1150 r'tapetrata,
1117 1074 1247 1150 scriptor

215 1183 313 1238 eutem
335 1178 419 1260 quasi
442 1178 573 1257 plurima
594 1177 654 1237 iam
676 1176 796 1250 dixerit,
828 1175 961 1253 graviter
983 1176 1082 1253 pergit
1103 1177 1247 1255 quibas

215 1279 332 1339 redeas
353 1280 451 1360 facile
472 1315 515 1329 -
536 1283 710 1359 impetratis.
756 1279 840 1339 Idem
862 1279 942 1340 cadit
962 1279 994 1339 in
1017 1285 1066 1352 92,
1092 1285 1110 1339 2
1134 1281 1168 1337 ob
1190 1280 1247 1338 lias

215 1401 329 1443 aumas.
374 1383 423 1444 Sic
452 1389 483 1446 et
513 1387 571 1446 hoo
601 1385 665 1445 loco
695 1382 819 1460 pluralis
849 1383 895 1442 lu's
917 1383 1010 1456 rebus,
1042 1383 1067 1442 si
1097 1384 1135 1443 ad
1156 1403 1247 1442 unam

214 1491 365 1563 spectaret
386 1507 457 1563 rem,
480 1487 600 1550 delendi
622 1491 729 1565 potest.
769 1486 827 1546 Sed
851 1506 910 1546 non
933 1507 1000 1562 une,
1023 1486 1112 1546 immo
1134 1487 1248 1562 duplex

214 1590 366 1669 profertur
388 1591 601 1652 sollicitudinis
624 1611 730 1651 eausa:
757 1608 825 1650 nam
849 1609 945 1669 neque
968 1589 1088 1650 omnino
1110 1590 1246 1664 legiones

215 1692 364 1770 Scipionis
396 1700 576 1771 cognoverat
608 1714 706 1775 neque
740 1695 886 1775 quomodo
918 1713 949 1753 se
982 1698 1022 1754 et
1048 1695 1085 1753 ab
1108 1694 1247 1772 equitatu

215 1796 453 1858 adversariorum
475 1797 601 1858 mirifico
624 1797 771 1857 sustinere
787 1801 895 1874 posset,
917 1796 942 1856 si
958 1797 1092 1872 legiones
1107 1797 1248 1856 accessis·

215 1904 292 1960 sent.
326 1900 358 1960 Si
374 1903 473 1962 autem
488 1904 582 1962 verba
597 1900 633 1960 ab
649 1920 745 1959 eorum
765 1936 798 1945 -
819 1899 945 1978 mtrafiea
961 1900 1108 1975 delentur,
1124 1900 1247 1961 omnino

215 2022 276 2063 non
298 2008 424 2082 apparet
446 2005 484 2065 ad
506 2004 578 2084 qnid
594 2005 722 2081 legiones
742 2006 908 2063 accedant.
943 2004 1052 2082 Itaque
1067 2006 1139 2064 heeo
1154 2007 1250 2064 verba

217 2106 316 2167 omnia
338 2112 408 2168 sunt
429 2127 551 2186 prorsus
573 2107 748 2169 necessaria.

302 2209 419 2271 Deinde
438 2212 486 2271 W.
508 2210 636 2272 coniecit
657 2230 711 2288 pro
733 2209 946 2270 sollicitabatur
967 2221 1081 2269 nutem.-
1104 2212 1249 2270 sollieita-

218 2313 304 2373 batar
325 2317 423 2374 etiam.
462 2318 505 2375 At
526 2316 701 2374 vehementer·
723 2312 949 2373 commovebatur
971 2334 1007 2374 ea
1028 2332 1062 2374 re
1084 2313 1188 2374 differt
1209 2316 1248 2372 ab

216 2415 389 2495 insequenti
419 2418 651 2492 sollicitabatur,
682 2418 762 2500 quod
791 2416 869 2477 illud
900 2416 1049 2492 significat
1071 2418 1249 2476 vehementer

218 2521 310 2578 r'ratas
333 2529 406 2592 erat,
437 2527 472 2581 ut
495 2527 544 2596 46,
569 2527 605 2596 43
629 2521 678 2595 57,
704 2524 730 2579 1.
775 2523 910 2581 Iratus
932 2520 1024 2597 igitur
1046 2526 1110 2582 erat
1131 2522 1247 2595 Caesar,

218 2622 298 2701 quod
328 2622 478 2700 equitatus
509 2625 545 2683 ab
576 2623 713 2683 hostibus
746 2643 839 2702 usque
870 2625 908 2684 ad
936 2623 969 2684 id
990 2629 1107 2700 tempus
1129 2642 1249 2699 semper

217 2726 336 2799 fugatus
351 2727 423 2786 eret.
453 2725 768 2786 sollicitabatur
790 2734 932 2803 autem,
954 2729 1033 2807 qaod
1048 2726 1248 2806 quidvirium

217 2826 329 2888 inesset
349 2826 382 2887 in
404 2825 553 2905 Scipionis
575 2828 743 2905 legionibus
767 2830 898 2890 nondum
920 2836 1110 2907 cognoverat.

305 2930 354 3003 72,
378 2934 396 2989 4
420 2931 573 2991 bestiarum
596 2933 721 3006 odorem,
745 2935 910 3004 stridorem,
938 2932 1089 3014 [spectem]
1118 2932 1141 3010 ).

303 3032 425 3094 Nullam
447 3034 535 3096 video
558 3054 683 3110 eausam,
706 3056 758 3095 cur
779 3038 944 3117 asyndeton
968 3039 1046 3116 quod
1068 3037 1132 3096 eine
1154 3036 1246 3097 dubio

217 3135 321 3198 extitit
352 3137 384 3197 in
418 3159 457 3216 a,¹
485 3139 612 3200 fortasse
646 3139 735 3200 stiam
765 3139 797 3198 in
828 3137 848 3216 β
877 3139 1062 3218 interpositis
1091 3139 1246 3217 particulis

218 3261 285 3318 -qac
299 3274 343 3284 -
357 3250 387 3299 et
406 3242 587 3303 turbandum
610 3261 673 3304 esse
696 3242 868 3320 putaverint
887 3242 1024 3304 editores.
1061 3241 1247 3319 Similiter2)

218 3341 298 3403 enim
330 3342 380 3417 73,
405 3349 422 3402 2
446 3343 568 3404 hostium
591 3347 682 3419 riolos,
714 3346 851 3425 artificia,
884 3349 1021 3422 absidiam
1052 3347 1131 3408 idem
1156 3352 1183 3422 8,
1211 3351 1245 3421 13

220 3445 268 3519 57,
291 3450 329 3520 43
363 3449 411 3518 81,
436 3453 463 3508 2.
509 3448 693 3511 Vocabulum
724 3449 833 3512 deinde
863 3452 1003 3528 speeiem,
1035 3453 1114 3531 quod
1137 3452 1185 3513 W.
1212 3449 1245 3509 in

217 3547 417 3625 suspicionem
448 3550 581 3626 vocavit,
612 3554 782 3614 defenditur
814 3574 879 3615 cam
902 3555 966 3614 loco
989 3556 1025 3614 ab
1047 3554 1113 3634 ipso
1136 3554 1245 3614 citato:

217 3651 322 3712 Floras
344 3654 370 3726 Ι,
395 3656 433 3712 13
465 3654 622 3731 elephanti,
656 3676 777 3734 quoram
807 3677 869 3717 cam
899 3660 1095 3735 magnitudine
1118 3668 1175 3718 tum
1198 3659 1245 3717 tle-

289 3822 313 3886 1)
331 3824 457 3874 stridorem
475 3822 505 3874 0.
543 3825 713 3888 animamque
730 3843 748 3878 π
767 3833 791 3876 et
807 3829 863 3878 edd.
899 3830 999 3891 speeiem
1017 3845 1033 3880 α
1051 3828 1094 3895 (-·=
1113 3825 1202 3892 ALV),
1224 3834 1248 3877 et

217 3908 318 3969 speeiem
335 3908 394 3976 (stt)
413 3911 469 3963 edd.

287 3993 313 4061 2)
332 3996 380 4045 Sed
398 3998 439 4057 91,
454 3999 466 4043 1
486 4011 542 4047 cum
554 3997 576 4047 0
589 4000 721 4061 legendum
732 4005 787 4050 est:
806 4001 951 4051 &misellam
964 4003 1074 4063 omiapes
1084 4002 1171 4050 liberm
1180 4017 1245 4063 aaa.

216 4076 303 4130 tataros
322 4082 351 4130 Δ.
371 4096 420 4132 ree.
439 4083 479 4132 W.
