2872 4778
606 366 845 437 -113—

194 543 298 607 ‚dubio
327 543 361 604 iu
392 543 418 603 0
448 542 631 619 extiterunt,
663 546 700 604 ab
731 544 894 606 editoribus
924 546 1110 608 omittuntur.
1161 548 1238 610 Nam

203 648 353 727 exemplis
376 646 449 709 satis
470 647 572 708 multis
594 648 865 712 demonstravimus
889 649 940 730 (ad
963 657 1012 727 26,
1033 650 1063 728 3)
1087 657 1238 714 auctorem

201 751 240 810 in
260 751 333 813 loeis
354 751 494 812 notandis
516 753 668 813 abundare
689 753 795 814 solere.

294 862 386 933 62,ss
417 857 529 934 Aquila
559 889 601 900 -
631 859 863 934 promunturium
893 861 1032 936 superare
1059 879 1115 918 nore
1140 862 1238 937 poluit

203 967 290 1037 atque
317 959 456 1036 angulum
485 991 529 1003 -
557 967 659 1017 nastris
683 957 762 1039 [ersrn
786 958 893 1038 alasse]
915 981 946 1020 sa
975 995 1016 1007 -
1045 971 1237 1041 aprospeetu

203 1064 336 1121 remouit.
371 1063 484 1141 relr‘qua
506 1063 610 1122 elassis
631 1064 661 1120 in
682 1064 746 1122 snio
762 1065 800 1122 ari
814 1065 925 1143 Leptim
941 1068 1066 1142 egressis
1081 1067 1237 1143 remigibus

206 1197 248 1207 -
260 1166 424 1244 pariensque
438 1168 467 1225 in
483 1165 613 1244 oppidum
629 1168 721 1225 uretur
737 1170 785 1225 sui
797 1169 946 1226 mercandi
955 1171 1058 1245 grauis
1069 1172 1237 1247 progressis

204 1286 297 1326 vacua
320 1288 339 1328 a
360 1267 559 1349 defensoribus
580 1268 687 1328 stabat.

290 1371 351 1433 Hie
379 1373 462 1434 loeus
493 1371 605 1433 iterum
638 1373 741 1446 donet,
778 1392 868 1452 quam
901 1393 1005 1450 parum
1039 1378 1175 1436 aoourate
1206 1382 1236 1438 et

206 1474 336 1536 dilucide
357 1475 484 1554 soriptor
505 1477 647 1537 verbosus
669 1495 717 1535 res
740 1479 838 1551 gestas
859 1496 982 1537 narrare
997 1479 1146 1555 potuerite
1169 1498 1236 1537 nam

205 1579 385 1640 narrationis
420 1578 615 1656 ambiguitate
649 1580 697 1640 W.
735 1580 876 1655 deeeptus
914 1583 1006 1641 verba
1042 1601 1104 1640 oum
1143 1581 1236 1639 alasse

204 1682 336 1756 delevit
349 1685 428 1763 quod
441 1683 500 1744 hoo
514 1682 748 1743 additamentum
764 1688 913 1762 pugnaret
927 1704 993 1744 eum
1008 1684 1235 1764 insequentibus

203 1786 315 1866 reliqua
336 1787 441 1846 elassis
464 1789 495 1847 in
515 1787 578 1846 salo
597 1821 631 1832 -
650 1785 758 1846 stabat.
806 1787 898 1848 Putat
918 1788 1014 1865 igitur
1035 1790 1108 1849 haee
1129 1788 1236 1848 ultima

203 1891 296 1949 verba
324 1894 460 1968 apostare
488 1891 526 1950 ad
547 1889 676 1970 Aquilae
706 1910 817 1951 naves:
850 1892 903 1951 sed
933 1893 985 1972 qui
1006 1893 1072 1955 fieri
1094 1893 1234 1969 potuerit,

202 1996 237 2051 ut
258 1993 360 2053 elassis
383 1992 512 2074 Aquilae
535 2015 574 2054 ex
595 1996 684 2072 portu
706 1994 892 2070 Ruspinensi
912 1997 1107 2055 Adrumetum
1129 2014 1235 2056 versus

202 2115 360 2172 progressa
375 2097 493 2176 Leptim
516 2097 697 2175 perveniret,
720 2117 779 2157 uon
801 2096 919 2158 curavit
935 2098 1115 2170 examinare,
1136 2117 1234 2177 neque

201 2199 301 2261 vietus
332 2200 460 2281 Aquilae
492 2201 655 2278 remigibus
688 2202 790 2261 deesse
822 2201 939 2278 potuit,
974 2201 1091 2288 quippe
1119 2201 1170 2279 qui
1201 2201 1234 2260 in

205 2303 364 2364 stationem
395 2305 655 2381 proficiscerentur
677 2308 747 2364 ante
769 2310 889 2384 portum
912 2304 1025 2382 oppidi,
1054 2305 1134 2364 unde
1157 2324 1235 2365 oom-

206 2427 304 2467 meare
334 2427 394 2469 nou
421 2413 592 2485 potuerunt.
636 2409 743 2487 Itaque
773 2408 885 2487 reliqua
914 2409 1016 2467 elassis
1046 2407 1234 2468 Caesaris

206 2515 271 2571 erat
301 2510 411 2584 elassis,
444 2531 520 2591 quae
548 2515 730 2571 remanserat
751 2510 783 2569 in
806 2511 875 2571 sinu
897 2510 1080 2588 Ruspinensi
1103 2516 1133 2571 et
1154 2510 1235 2571 inter

204 2613 369 2690 Ruspinam
385 2620 417 2675 et
431 2615 550 2692 Leptim
565 2615 598 2675 in
613 2615 674 2675 salo
690 2615 804 2675 stabat:
826 2614 859 2675 in
874 2617 951 2677 hano
966 2617 1065 2676 omnia
1081 2617 1235 2695 quadrant,

206 2736 282 2795 quae
305 2719 341 2777 ab
357 2718 486 2800 Aquilae
509 2721 602 2778 alasse
624 2718 712 2797 plane
736 2722 807 2779 sunt
829 2719 934 2779 aliena.
969 2718 1065 2782 Quam
1089 2719 1233 2795 ambigui-

205 2822 299 2878 tatem
328 2821 456 2899 soriptor
485 2821 626 2905 laaillime
657 2821 771 2882 evitare
801 2820 909 2896 potuit,
939 2821 965 2879 si
995 2821 1095 2881 verbis
1120 2823 1233 2899 reliqua

204 2922 308 2981 elassis
328 2925 502 3000 genetivum
519 2927 652 2984 Caesaris
668 2923 841 2985 addidisset.
872 2924 930 2984 Sed
944 2922 1017 2983 talia
1032 2943 1092 2983 non
1108 2924 1232 2984 curavit.

289 3028 352 3088 Iam
375 3029 445 3090 vide
469 3049 544 3109 quae
567 3027 766 3108 sequuntur§
786 3034 820 3087 5:
843 3029 939 3086 Varus
954 3063 995 3074 —
1012 3029 1120 3106 Leptim
1136 3036 1233 3085 vectus

204 3149 290 3190 naues
320 3132 502 3215 [annarias]
533 3152 606 3212 quae
628 3134 742 3210 langius
766 3149 783 3189 a
802 3141 893 3208 portu
915 3134 945 3189 in
967 3131 1031 3190 salo
1052 3129 1170 3188 stabant
1190 3131 1233 3188 in·

204 3235 297 3293 cendit
326 3245 354 3295 et
379 3245 513 3314 penteres
542 3238 614 3295 duas
646 3236 768 3315 [enarras
798 3230 1049 3312 adesensorilus]
1079 3234 1159 3292 nullo
1186 3252 1232 3290 re·

200 3348 350 3413 pregnante
371 3343 458 3419 oepit.

288 3443 385 3506 Varus
428 3444 522 3521 igitur
559 3449 649 3504 nootu
685 3445 908 3522 praeterveetus
944 3441 1072 3521 Aquilae
1109 3440 1231 3500 olaasem

202 3545 297 3623 primo
330 3568 417 3610 mane
440 3547 560 3626 Leptim
590 3546 740 3624 parvenit.
785 3546 818 3607 si
846 3546 957 3624 reliqua
980 3546 1081 3604 elassu‘s
1104 3541 1232 3620 Aquilae

201 3655 321 3712 notaret
358 3671 469 3727 naves,
506 3650 628 3714 navium
662 3649 864 3711 onerariarum
896 3648 978 3708 loeus
1011 3646 1111 3705 nullus
1144 3648 1230 3703 asset.

200 3755 309 3834 Itaque
332 3755 382 3817 W.
414 3758 565 3815 onerarias
599 3753 729 3827 delevit;
760 3757 791 3812 at
819 3755 890 3813 sunt
915 3749 1068 3809 onerariae
1089 3745 1231 3819 Caesaris,

202 3861 291 3935 atque
312 3863 347 3918 ut
366 3858 566 3937 perspiciatur
580 3857 653 3937 quid
670 3855 715 3916 rei
732 3854 831 3930 luerit,
852 3854 936 3914 loeus
951 3849 1231 3911 animadvertendus

202 3959 285 4034 alter,
312 3962 364 4021 ubi
386 3962 508 4040 regione
530 3961 624 4021 solum
647 3963 761 4020 mutate
785 3959 887 4018 eadem
910 3954 1051 4015 aooidisse
1073 3957 1231 4013 narrantur

201 4069 251 4139 63,
269 4068 286 4122 5
312 4065 475 4126 Caesar-
488 4067 678 4125 Adrumetunr
701 4061 813 4122 aceedit
835 4059 932 4139 ibique
950 4057 1072 4118 naur'dus
1087 4058 1231 4117 onerariis

1008 4155 1027 4214 8
