2872 4778
618 369 832 446 ..33-

209 550 331 612 nomino
351 553 412 630 qui,
434 552 514 631 quod
536 552 665 612 editores
686 553 786 614 eslere
809 552 915 614 solent.
954 551 1041 616 Quod
1063 553 1123 616 nisi
1143 559 1239 617 muts·

208 654 291 714 tione
320 654 474 715 lenissima
504 655 633 718 seribere
655 656 732 716 velis
754 659 810 731 eur}
842 676 1008 733 pronomen
1030 658 1073 718 sio
1095 659 1240 734 explicari

208 761 317 835 potest,
339 762 373 818 ut
395 757 524 834 scriptor
544 758 578 818 id
600 759 706 819 referri
728 759 868 834 voluerit,
891 759 1050 839 quodiam
1070 761 1118 822 W.
1138 761 1241 836 sensit,

208 880 248 922 ex
269 860 425 920 intelleutu
447 862 484 921 ad
505 880 613 923 nomen
627 861 798 937 paucitatis.
832 863 907 922 Tum
922 864 1095 923 reeordatus
1110 862 1143 922 in
1158 871 1240 925 utro·

209 983 267 1042 que
290 982 382 1023 eornu
404 961 521 1042 equites
537 964 670 1024 Iulianos
692 964 838 1041 impedire
860 984 898 1024 ne
918 966 1114 1026 oirouirentur
1137 967 1240 1028 acae-

207 1085 272 1126 sare
299 1066 393 1125 iussos
415 1085 480 1126 esse
500 1065 562 1126 vim
583 1067 769 1143 pronominis
790 1067 891 1142 addita
913 1068 1136 1146 praepositione
1158 1089 1239 1130 eoen-

208 1169 279 1229 euit.
322 1168 441 1230 Similia
462 1169 515 1229 alr.
539 1189 606 1247 pag.
631 1174 670 1229 53
694 1171 763 1231 adn.
790 1175 815 1230 l.

295 1275 378 1346 15,e
402 1270 531 1331 omnibus
554 1269 752 1354 [legionariis]
775 1273 812 1330 ab
830 1273 955 1332 hostium
970 1276 1100 1352 equitatu
1115 1278 1239 1334 arreum·

207 1377 309 1446 reales,
341 1371 545 1457 [Caesarisque
565 1374 673 1458 copiis]
702 1379 732 1435 ia
763 1377 857 1434 orbem
879 1378 1036 1455 conpulsis,
1068 1380 1147 1437 r'rrlra
1170 1396 1238 1436 aaa·

206 1479 293 1538 sellas
315 1498 410 1537 omnes
431 1480 557 1537 coniecti
572 1497 707 1557 pugnare
728 1479 916 1555 cogebantur.

291 1582 375 1642 Duos
396 1583 454 1642 hoe
475 1581 541 1643 loeo
563 1582 769 1657 grammaticos
793 1581 920 1642 securis
935 1583 1028 1644 verbs
1042 1582 1238 1660 interpolasse

207 1685 312 1744 statuit
333 1684 390 1758 W..
419 1684 473 1766 qui
503 1685 649 1747 voeabula
679 1686 852 1762 legionariis
879 1691 910 1745 et
933 1686 1124 1763 Caesarisque
1145 1688 1239 1764 capris

207 1786 304 1848 eieeit.
341 1784 408 1849 Quo
430 1787 509 1847 lueto
533 1787 562 1846 ei
583 1807 622 1846 ex
644 1788 815 1849 oonieotnra
836 1798 867 1847 et
882 1793 951 1864 post
964 1790 1057 1866 copiis
1071 1790 1239 1848 addendum

207 1891 276 1950 fnit.
318 1889 377 1949 Sed
405 1889 432 1950 si
453 1890 561 1951 raeda
582 1900 612 1948 el
633 1889 763 1964 genuina
785 1890 851 1964 fuit,
881 1891 1018 1967 intellegi
1041 1892 1156 1971 nequit,
1187 1911 1239 1951 eur

207 1992 357 2055 addiderit
387 1992 462 2052 alter
491 1993 699 2066 grammatious
731 1995 945 2071 Caesarisque
974 1997 1077 2072 copiis
1121 1993 1238 2054 Deinde

206 2096 233 2155 si
255 2095 349 2156 sensit
369 2096 543 2172 legionariis
565 2095 699 2157 additum
722 2115 786 2156 esse
802 2094 936 2170 insciti,
959 2117 1012 2157 our
1025 2116 1086 2156 non
1102 2095 1238 2158 delevit?

206 2198 338 2258 Sublatis
371 2198 500 2278 denique
532 2197 580 2258 his
612 2198 714 2260 verbis
747 2203 913 2258 struaturae
945 2198 1069 2258 durities
1103 2199 1235 2258 naseitnr

206 2300 379 2376 gravissime
410 2300 538 2360 omnibus
560 2335 603 2344 -
625 2303 765 2360 eorrieetis
786 2335 828 2344 -—
850 2309 881 2359 et
900 2302 1056 2379 compulsis
1077 2321 1173 2360 orares
1193 2333 1236 2346 -

205 2403 399 2481 cogebantur:
428 2403 594 2465 subieotum
616 2403 695 2463 enim
717 2403 843 2465 ablativi
863 2405 925 2464 ebs.
947 2409 978 2464 et
1000 2403 1149 2464 enuntiati
1174 2404 1235 2481 pri·

206 2505 291 2566 marii
308 2525 369 2567 non
384 2508 480 2567 solnm
494 2506 573 2566 idem
588 2511 643 2580 est,
665 2526 769 2565 verum
785 2504 876 2566 etiam
890 2504 972 2565 idem
987 2526 1094 2566 nomen
1109 2506 1235 2567 iteratur

205 2608 334 2667 amulius
354 2642 397 2654 -
418 2627 521 2670 omues.
565 2610 604 2667 In
632 2609 758 2688 reliquis
787 2615 886 2669 autem
914 2609 1047 2670 eiusdem
1068 2614 1235 2672 struaturae

205 2710 352 2788 exemplis
382 2711 509 2788 scriptor
538 2717 711 2773 oonstauter
732 2711 898 2773 subiectum
920 2713 970 2772 vel
994 2713 1145 2774 obieetum
1170 2735 1234 2774 mu·

204 2814 283 2878 tavit
304 2820 355 2875 aut
376 2815 551 2875 alterutrum
574 2814 684 2876 omisit.
725 2819 772 2889 lu,
789 2821 807 2873 2
831 2814 960 2873 omnibus
978 2818 1080 2875 r'asoiis
1095 2849 1137 2861 ·-
1151 2819 1234 2877 solli-

204 2917 386 2990 as'talrantar3
417 2919 509 2992 dm
540 2917 668 2977 omnibus
698 2920 799 2977 inseiis
819 2951 863 2960 —
886 2916 963 2976 iubet
989 2937 1083 2976 ornnes
1106 2919 1233 2995 legiones

204 3054 246 3064 -
267 3020 367 3094 edaer'3
399 3025 447 3096 18,
472 3028 490 3080 2
519 3021 614 3080 hostes
641 3024 704 3080 sais
722 3020 856 3097 firmatas
883 3055 916 3065 -
943 3021 1059 3079 adoriri
1078 3031 1234 3097 coeperunt

205 3142 266 3203 eqs.
301 3124 410 3202 Itaque
432 3130 463 3184 et
483 3124 540 3184 hoo
561 3124 626 3185 loeo
649 3125 814 3184 subiectum
838 3128 968 3183 mutasse
989 3122 1055 3182 aliis
1078 3123 1232 3183 vocabulis

204 3225 332 3306 seriptor
353 3229 518 3287 censendus
540 3231 596 3287 est.
633 3227 749 3287 Deinde
771 3245 844 3287 vero
861 3245 927 3285 aum
943 3227 1122 3286 antecedens
1137 3245 1232 3286 enun-

203 3328 310 3388 tiatum
340 3334 455 3406 speotet
484 3331 522 3390 ad
552 3330 629 3390 solos
654 3329 779 3408 equites,
808 3329 840 3388 in
862 3331 920 3390 hoo
941 3329 1095 3389 enuntiato
1118 3329 1231 3390 mentio

202 3431 353 3508 legionum
384 3432 489 3512 utique
520 3432 716 3493 desideratur.
764 3432 930 3510 Usurpavit
959 3431 1053 3508 igitur
1080 3432 1114 3493 id
1143 3453 1231 3494 voes-

203 3535 315 3608 bulum,
348 3536 427 3614 quod
456 3537 482 3595 ei
513 3555 552 3596 ex
581 3535 728 3595 contrario
759 3535 889 3596 maxime
911 3535 968 3595 fnit
990 3535 1123 3613 proclive
1145 3540 1177 3597 et
1197 3536 1230 3595 in

203 3658 263 3718 quo
296 3637 392 3698 omnis
420 3639 468 3699 vis
496 3638 595 3716 posita
623 3644 685 3699 est:
718 3639 898 3714 legionariis.
943 3640 978 3697 In
1008 3639 1101 3698 altero
1131 3642 1230 3696 autem

203 3743 334 3803 membro
357 3742 510 3818 amplioris
525 3741 655 3803 notionis
670 3743 763 3804 verbo
777 3762 848 3802 usus
863 3745 909 3801 est
924 3743 1114 3820 Caesarisque
1128 3742 1230 3819 eopsi‘s,

203 3845 274 3924 quia
310 3845 520 3905 circumventis
556 3845 728 3921 legionariis
765 3840 881 3923 equites
917 3863 1036 3923 quoque
1066 3843 1099 3903 in
1127 3845 1228 3905 orbem

203 3948 330 4009 oonieoti
352 3953 446 4009 erant.
482 3948 560 4009 Sane
582 3949 674 4008 altera
696 3947 779 4007 notio
803 3948 992 4024 Caesarisque
1014 3949 1106 4026 copiis
1127 3949 1229 4007 deesse

201 4051 309 4128 potuit,
332 4051 403 4131 quia
424 4052 507 4111 notio
529 4052 755 4128 legionariorum
770 4050 821 4110 vel
836 4051 978 4126 legionum
1002 4069 1040 4110 ex
1062 4071 1119 4110 usu
1139 4049 1229 4110 huius

984 4146 1024 4203 gs
