2872 4778
526 1412 785 1470 Pannonio.

227 1564 338 1622 Notum
375 1568 437 1636 est,
479 1571 661 1642 quantopere
698 1568 768 1624 ante
804 1565 859 1623 hos
896 1569 1035 1644 quattuor
1073 1585 1167 1625 annos

141 1667 344 1726 Gustavus
367 1666 573 1739 Landgraf
599 1666 731 1726 virorum
764 1669 915 1727 doctorum
945 1666 1058 1727 animos
1089 1688 1166 1726 eom·

140 1768 276 1842 moverit,
299 1789 364 1828 oum
388 1771 424 1828 de
446 1769 525 1829 bello
546 1768 685 1830 Africano
708 1769 954 1830 commentarium
976 1771 1005 1830 G.
1024 1769 1166 1831 Asinio

141 1871 321 1931 Pollioni
344 1871 555 1932 vindicandum
578 1893 641 1931 esse
664 1872 859 1934 contenderit.
896 1873 986 1933 Cuius
1006 1871 1066 1934 viri
1088 1875 1167 1934 (loeti

138 1975 171 2035 iu
193 1974 376 2051 argumentis
399 1995 541 2035 summam
564 1975 660 2035 inesse
683 1976 744 2035 vim
768 1983 797 2034 et
812 1975 990 2051 gravitatem
1005 1976 1167 2055 putaveris,

138 2085 295 2162 postquam
326 2084 442 2154 praeter
472 2078 545 2137 alios
568 2078 775 2138 Eduardus
799 2098 916 2158 quoque
940 2079 1167 2153 Woelfflin,

139 2181 185 2240 vir
215 2181 280 2241 sine
302 2180 392 2240 dubio
416 2180 535 2256 linguae
557 2180 668 2240 latinae
689 2180 897 2258 peritissimus,
929 2183 967 2242 ad
989 2183 1113 2242 eandem
1135 2203 1166 2241 ss

138 2283 303 2360 applicavit
317 2283 505 2344 sententiam.
537 2283 704 2362 Utrumque
726 2294 825 2344 autem
847 2304 907 2343 non
922 2283 1000 2360 fugit
1014 2283 1086 2346 hnio
1101 2304 1167 2344 seu·

140 2386 250 2447 tentiae
282 2394 350 2447 ante
381 2387 480 2447 omnia
509 2387 650 2462 refragari
680 2386 757 2446 illud
785 2385 938 2461 indiolum‚
971 2389 1050 2468 quod
1072 2408 1167 2468 usque

138 2490 175 2549 ad
197 2489 229 2549 id
250 2495 367 2567 tempus
389 2492 425 2548 de
448 2489 652 2551 commentarii
674 2491 775 2550 indole
798 2491 918 2551 valebat
939 2490 1167 2568 pronuntiatum

138 2593 376 2670 aNippordeio,
408 2592 511 2652 oritioo
541 2592 674 2672 itemque
704 2593 908 2669 sagaoissimo,
939 2595 991 2673 qui
1020 2596 1166 2654 insertum

138 2695 207 2755 libri
239 2703 387 2756 auotorem
417 2695 449 2754 in
479 2716 602 2756 numero
631 2696 782 2758 inferioris
803 2696 918 2757 ordinis
939 2697 1093 2756 homiuum
1115 2717 1167 2774 po·

139 2801 268 2858 nendum
291 2819 354 2860 esse
376 2799 562 2876 probaverat.
611 2801 718 2878 Itaque
749 2800 839 2859 huius
861 2799 964 2859 iudicii
987 2799 1166 2860 adversariis

139 2901 300 2963 videndum
329 2908 400 2976 erat,
434 2924 492 2983 qua
513 2902 628 2962 ratione
650 2907 891 2978 argumentorum
912 2901 1033 2963 illorum
1058 2902 1166 2982 quibus

139 3025 209 3065 usus
224 3009 290 3065 orat
304 3005 505 3094 Nipperdeius
520 3005 726 3066 auotoritatern
742 3005 964 3078 labelaotareut,
984 3005 1165 3082 frangerent,

138 3113 354 3188 retorquerent.
380 3107 466 3172 Quod
481 3128 589 3169 munus
601 3108 722 3167 difficile
733 3107 864 3184 snsoepit
873 3107 1084 3181 Woelfflinins‚
1099 3127 1166 3168 oum

139 3211 379 3271 commentarium
410 3212 507 3271 denno
530 3211 677 3272 edendum
700 3214 827 3269 auroret.
874 3215 973 3288 Atque
995 3210 1165 3287 Kiesslingi,

138 3313 340 3391 praeceptoris
371 3314 587 3387 humanissimi,
618 3312 759 3389 auspiciis
781 3332 899 3390 semper
920 3313 1072 3390 prosperis
1093 3316 1166 3375 haee

138 3415 229 3476 editio
252 3417 456 3478 recentissima
478 3438 533 3495 per
555 3422 695 3476 semestre
716 3415 875 3477 hibernum
892 3416 964 3475 anni
978 3417 1166 3478 MDOOOXG

138 3519 287 3579 sodalibus
317 3520 468 3581 seminarii
497 3520 571 3598 phil.
594 3518 824 3594 Argentinansis
852 3519 1006 3596 proposita
1028 3524 1081 3579 ert
1126 3519 1166 3578 Et

138 3627 293 3702 postquam
322 3622 381 3700 ipsi
410 3624 448 3684 rio
478 3622 611 3683 oodioum
640 3621 756 3682 mtione
786 3626 817 3680 et
843 3621 1021 3684 anctoritate
1042 3621 1164 3698 proprio

139 3725 290 3786 doonimus
312 3727 462 3804 opusculo,
486 3726 627 3786 suadente
649 3730 681 3785 et
701 3723 982 3786 benevolentissime
1004 3723 1165 3786 adiuvante

137 3833 328 3905 praeceptore
344 3831 379 3888 ad
395 3833 488 3890 totam
504 3828 707 3907 quaestionem
717 3828 901 3888 traotaudam
913 3826 1042 3902 aggressi
1054 3846 1163 3887 sumus.

138 3932 196 3991 Sed
218 3932 413 4008 perlongum
434 3932 464 3991 io
488 3931 680 3992 intervallum
702 3950 762 3990 non
784 3931 909 3990 demant
925 3928 984 3989 viri
1000 3929 1088 4003 (loeti,
1112 3929 1163 4009 qni

138 4036 175 4102 de
196 4035 298 4103 eadam
313 4055 345 4099 ra
361 4035 534 4105 seriberent.
568 4034 684 4103 Horum
700 4033 832 4125 itemque
848 4031 1028 4125 reliquorum
1043 4033 1162 4123 scripta,
