2872 4778
686 385 901 458 ..53-

274 557 459 637 Augcabls'cls
481 558 620 639 uerseigea
643 561 758 620 tonate.
805 562 869 621 Hsc
897 564 995 622 sutem
1016 559 1134 622 satione
1155 560 1306 623 sententia

274 662 347 723 satis
376 661 488 738 frigida
518 668 552 723 et
581 663 704 724 molesta
735 664 878 738 efficitur;
906 664 936 724 'is
968 663 1047 724 enim
1070 663 1222 743 equitatus
1243 685 1304 726 non

271 765 371 844 potuit
385 766 502 839 arcessi,
520 765 603 825 cuius
619 766 726 827 Caesar
742 767 774 826 in
789 767 960 843 praeseutia
975 787 1033 827 non
1048 767 1302 846 habuitcopiam3

274 873 456 947 quapropter
485 868 692 949 unusquisque
720 870 753 929 in
779 872 880 948 copiae
902 890 976 932 voce
998 870 1179 931 intensivum
1202 871 1303 931 multi·

273 970 385 1031 tudinis
416 971 574 1032 subaudiet
602 972 762 1046 notionem,
792 977 827 1033 ut
857 973 889 1033 in
913 993 947 1034 eo
968 973 1035 1050 ipso
1056 973 1121 1035 loco
1144 993 1232 1052 quem
1254 974 1301 1035 W.

272 1073 401 1135 contulit
423 1078 462 1132 43
482 1074 629 1153 frumento
652 1079 734 1136 cuius
757 1079 787 1135 in
810 1078 915 1135 castris
931 1080 1043 1154 copiam
1059 1076 1160 1135 latuit
1173 1078 1298 1135 diceneo.

272 1177 354 1236 Hcec
392 1179 491 1236 autem
523 1196 590 1237 oum
622 1198 657 1239 eo
688 1198 775 1257 quem
805 1178 871 1255 ipse
902 1186 1006 1257 postes
1035 1180 1150 1257 profert
1179 1199 1301 1240 numero

270 1283 392 1357 pugnat.
445 1268 504 1342 tici
538 1279 573 1339 iu
604 1280 755 1340 codicibus
790 1281 910 1360 quidem
943 1281 1074 1343 traditus
1106 1283 1216 1354 CCCC;
1249 1282 1301 1341 sed

270 1380 376 1441 Stoffel
397 1383 440 1456 II,
464 1387 525 1442 286
556 1389 638 1443 recte
667 1382 829 1456 intellexit,
860 1403 926 1444 cum
948 1386 1054 1444 Caesar
1084 1384 1220 1463 equitum
1242 1385 1300 1443 duo

271 1484 355 1544 milis
369 1484 505 1564 Lilybaei
528 1485 655 1546 navibus
677 1485 868 1564 imposuisset
882 1486 1095 1565 Ruspinseque
1117 1489 1179 1561 (11,
1196 1484 1231 1563 3)
1248 1505 1299 1544 ex·

271 1585 429 1664 posuisset,
461 1588 542 1646 hunc
572 1607 729 1647 numerum
759 1607 863 1648 verum
894 1607 953 1647 non
980 1608 1061 1659 esse;
1092 1587 1300 1664 corrigendum

268 1688 363 1764 igitur
384 1693 436 1748 eut
457 1689 589 1747 Mccec
609 1699 660 1748 aut
682 1692 756 1749 MM.
804 1691 888 1751 Haec
919 1696 1018 1750 autem
1041 1689 1208 1751 emendatio
1230 1710 1299 1767 pro·

270 1789 400 1850 habilior
428 1788 556 1864 videtur,
588 1811 654 1850 cuns
676 1791 797 1852 iusserit
819 1793 925 1852 (iscam
947 1795 1109 1851 uniuersum
1132 1791 1299 1872 equitatum

272 1892 392 1952 arcessi.
429 1892 516 1957 Quod
533 1893 580 1955 W.
602 1893 762 1970 temptavit
776 1896 859 1954 MCC
879 1895 967 1971 plane
990 1899 1036 1955 est
1055 1895 1208 1955 incertum.
1246 1895 1299 1956 llt·

270 2001 305 2055 ut
326 2001 426 2056 sutem
449 2002 509 2070 est,
539 1995 603 2057 sive
627 1997 695 2056 MM
716 1997 781 2058 sive
806 1999 888 2057 Mcc
908 1997 1093 2072 restituitur,
1122 1998 1195 2056 haec
1215 1999 1299 2078 equi·

270 2104 333 2159 tum
356 2098 443 2176 copia
464 2117 540 2159 non
563 2119 698 2176 magua
719 2099 785 2159 fuit.
823 2100 898 2158 'l'um
921 2108 1019 2160 sutem
1042 2120 1080 2160 ex
1095 2100 1299 2162 concinnitate

269 2201 426 2281 sequentis
455 2222 574 2282 quoque
606 2221 725 2281 quorum
754 2221 865 2279 parcus
886 2220 1021 2260 uumerus
1049 2205 1196 2264 servanda
1217 2210 1296 2264 suut.

272 2303 458 2384 Quemquam
492 2305 713 2364 concedendum
754 2309 799 2365 est
834 2304 868 2364 in
904 2304 1029 2383 reliquis
1062 2305 1151 2364 huius
1183 2306 1301 2382 generis

271 2407 434 2467 enuntiatis
465 2409 589 2466 verbum
619 2405 839 2468 substantivum
872 2426 932 2467 uon
963 2408 1065 2467 deesse
1103 2409 1144 2486 (3,
1172 2413 1184 2466 l
1218 2412 1302 2468 cuiue

269 2527 405 2568 numerus
429 2539 469 2552 -
483 2509 531 2586 su
540 2511 572 2566 it
594 2510 680 2566 trium
703 2510 826 2580 milium
849 2509 928 2569 idem
951 2514 980 2584 3,
1004 2515 1039 2584 23
1065 2514 1113 2585 12,
1130 2515 1169 2584 3;
1192 2515 1243 2583 21,
1260 2511 1300 2588 3).

270 2609 370 2674 Quone
399 2615 452 2672 aut
480 2615 583 2671 auctor
612 2613 776 2671 censendus
807 2619 851 2672 est
878 2613 1022 2672 hocloco
1045 2634 1062 2672 a
1083 2632 1187 2673 norma
1210 2634 1298 2693 quam

270 2711 327 2772 sibi
357 2712 552 2775 constitueret
580 2712 760 2788 declinasse,
790 2719 843 2775 aut
871 2714 898 2774 si
929 2714 977 2774 cui
1008 2717 1065 2776 hcc
1094 2735 1153 2774 uon
1178 2715 1299 2776 videtur

270 2817 433 2893 probabile,
462 2817 569 2893 copule
595 2816 657 2895 suit
686 2816 847 2877 inserenda
876 2824 931 2879 est
976 2817 1074 2877 Simili
1103 2821 1201 2878 cutem
1233 2818 1300 2879 loco

269 2921 375 2998 copule
396 2919 469 2980 item
486 2918 594 2980 omissa
609 2926 656 2980 est
668 2918 847 2999 insequente
862 2919 1015 2980 infinitivo
1030 2919 1189 2981 historico:
1217 2925 1264 2995 lo,
1279 2926 1298 2982 3

269 3027 392 3081 omnium
415 3032 508 3083 metten
531 3025 623 3082 uacui
635 3026 665 3081 iu
682 3032 820 3081 terrorem
836 3025 960 3081 consecti
972 3032 1001 3081 st
1015 3026 1138 3082 manime
1153 3024 1296 3082 tironum.-

269 3127 491 3202 cesenaspicere
512 3127 585 3184 endu
610 3127 772 3184 Caesarem.

358 3232 405 3300 13,
433 3232 445 3286 l
477 3260 520 3273 -
543 3230 586 3286 M.
610 3227 742 3286 Petreius
771 3238 800 3286 et
822 3229 874 3287 Cn.
898 3227 966 3286 Piso
998 3248 1061 3287 cum
1090 3228 1233 3306 equitibus
1254 3260 1298 3272 -

270 3330 356 3387 Moe
376 3327 506 3410 [electu]
526 3329 713 3408 peditatuque
734 3330 870 3411 [eiusdem
884 3327 1017 3410 generis]
1038 3333 1111 3390 suts's
1130 3331 1243 3408 gras&
1255 3363 1297 3377 —·

267 3433 328 3490 suu
350 3441 519 3490 occurrunt.

354 3533 501 3595 Numerus
516 3535 609 3593 MDC
629 3534 785 3595 restitutus
808 3541 854 3595 est
874 3555 891 3595 e
916 3535 1296 3608 19,61'etreicncmilio

268 3637 407 3709 adhibito,
432 3637 573 3716 equitibus
595 3639 697 3710 MD&
721 3639 845 3714 praebet
867 3637 946 3697 enim
970 3638 1042 3696 CCC
1063 3659 1092 3711 c,
1113 3638 1173 3698 MC
1192 3635 1221 3714 β.

354 3741 402 3800 Ex
423 3739 489 3816 ipso
511 3739 721 3800 commentario
744 3740 842 3800 elucet
857 3759 1012 3799 numerum
1028 3739 1163 3819 equitum
1179 3738 1298 3800 Pisonis

269 3842 498 3922 explicationem
529 3841 675 3919 flagitare.
719 3842 794 3900 Nam
824 3847 853 3916 3,
878 3846 892 3900 1
927 3843 978 3904 Gn.
1002 3843 1071 3903 Piso
1101 3848 1224 3921 apparet
1251 3862 1297 3902 se·

269 3947 397 4005 cundum
419 3966 500 4006 oram
523 3944 699 4006 maritimam
716 3964 782 4005 cum
798 3945 934 4025 equitum
950 3944 1046 4007 tribus
1061 3945 1193 4008 milibus.
1229 3946 1296 4006 Hoc

269 4054 367 4111 eutem
398 4049 463 4109 loco
492 4068 531 4110 ex
559 4047 669 4116 itinere
700 4047 828 4115 occurrit
858 4067 924 4117 cum
955 4048 1095 4114 dimidios
1133 4047 1218 4113 cuius
1250 4049 1295 4111 rei
