2872 4778
608 297 822 370 ..72-

284 477 321 538 In
353 477 516 556 archetypo
540 479 565 536 O
595 477 660 538 eine
683 478 783 554 dubio,
815 479 894 558 quod
916 482 1000 556 patet
1021 499 1061 541 ex
1082 499 1230 542 consensa

200 579 310 640 codicis
333 578 353 657 β
375 600 442 639 cum
465 584 632 640 correctura
653 580 723 641 libri
747 601 773 655 a,
796 582 941 659 scriptum
962 582 1038 643 fuit:
1064 603 1126 642 cara
1150 587 1228 661 equi-
1304 607 1306 611 ⁷

201 694 263 742 lala
281 717 323 726 -
340 685 392 742 Ca.
409 681 487 753 Piso,
512 702 574 740 cam
591 685 706 741 Mauris
729 685 848 742 circiter
871 684 962 743 lra'lue
984 684 1110 744 milibus.
1145 687 1230 746 Haec
1313 665 1316 670 Ι

200 785 292 862 igitur
314 787 473 854 verborum
495 788 645 845 structura
663 785 855 860 restituenda,
878 807 1058 867 quamquam
1073 788 1229 848 collocatio

199 908 305 966 parum
332 889 437 965 placet.
490 888 566 946 Nam
599 891 692 950 verba
724 908 786 946 cam
816 891 932 948 Maurae
944 933 953 960 ‚
991 893 1064 949 carc.
1091 892 1137 949 ΙΙΙ
1165 893 1226 949 mil.

179 1049 182 1055 .
201 989 397 1069 appositionis
418 989 482 1049 loco
506 989 606 1050 addita
629 995 708 1050 certe
731 990 938 1066 coniungenda
962 996 1046 1052 erant
1067 1012 1135 1052 cum
1151 996 1229 1070 equi-

202 1104 275 1153 lata.
326 1093 439 1153 Tamen
472 1111 506 1151 ea
535 1112 594 1151 non
626 1092 724 1152 aliena
754 1097 800 1152 est
830 1095 866 1152 ab
897 1095 954 1154 hoc
982 1094 1144 1171 scriptore;
1178 1097 1229 1155 cfr.

201 1217 268 1275 pag.
293 1197 331 1255 27
357 1197 423 1255 adn.
448 1201 476 1256 2.

287 1317 355 1377 Hoc
383 1321 483 1376 autem
508 1315 664 1376 mediocris
686 1315 835 1376 scribendi
858 1315 1009 1377 facultatis
1029 1316 1175 1376 indicium
1197 1321 1231 1377 ut

202 1421 365 1494 tolleretur,
394 1420 443 1480 W.
473 1418 595 1479 seclusit
623 1438 685 1476 cam
708 1421 848 1496 equitata.
894 1419 954 1479 seo
984 1439 1050 1479 cum
1078 1421 1181 1480 eodem
1203 1419 1231 1481 ci

203 1523 285 1584 notio
307 1522 340 1582 in
363 1521 557 1602 sequentibus
578 1520 687 1581 iterum
710 1520 750 1580 eit
771 1520 929 1581 inserenda
951 1541 1013 1580 cam
1035 1523 1232 1600 equilibus

203 1628 326 1698 Maarr'r,
349 1626 421 1684 haec
444 1622 621 1682 emendandi
643 1622 720 1683 ratio
744 1623 939 1699 improbanda
961 1629 1015 1684 cst.

290 1743 376 1807 Quod
407 1743 516 1802 attinet
545 1741 673 1821 denique
704 1744 741 1802 ad
771 1745 863 1803 verba
892 1761 910 1800 a
936 1745 1051 1820 Clupeis
1079 1747 1232 1804 secandam

204 1868 284 1907 oram
319 1847 491 1904 maritimam
524 1877 566 1888 -
599 1847 787 1903 Adrumetam
821 1847 873 1904 Ca.
906 1848 972 1904 Piso
1005 1881 1049 1890 -
1080 1852 1230 1926 apparuit,

204 1952 250 2011 W.
285 1950 501 2010 Hoffmannum
539 1953 657 2007 secutus
693 1949 881 2006 Adramelum
915 1949 1036 2008 delevit.
1090 1951 1234 2012 Constare

205 2053 287 2113 enim
309 2053 448 2112 Pisonem
470 2053 690 2111 Adrumentum
715 2071 776 2111 non
798 2050 970 2129 pervenisse
992 2053 1053 2130 (W.
1077 2055 1114 2112 ad
1138 2061 1166 2128 6,
1189 2054 1232 2132 8).

204 2157 262 2217 ced
293 2155 421 2233 scriptor
448 2154 514 2232 ipse
535 2155 568 2215 id
589 2158 704 2214 tantum
728 2152 802 2213 dicit
824 2153 963 2213 Pisonem
985 2175 1002 2212 a
1024 2155 1144 2232 Clupeis
1167 2176 1236 2232 pro·

204 2261 315 2319 fectum
337 2259 397 2319 iter
418 2258 527 2318 iecisse
543 2259 740 2328 adrumetum
758 2276 863 2316 vorsus
877 2259 1038 2318 secundum
1054 2278 1135 2318 oram
1150 2259 1239 2318 mari-

207 2367 327 2421 tumam.
372 2361 427 2420 cfr.
451 2361 479 2433 7,
504 2368 521 2419 3
553 2361 681 2438 reliquae
709 2371 751 2403 -4
786 2361 896 2418 Ula'aam
923 2379 1021 2419 verear
1040 2372 1139 2438 petere
1161 2364 1239 2420 ortae

206 2474 273 2522 sunl
297 2495 349 2538 -,
379 2463 431 2521 ubi
461 2463 542 2521 nulla
571 2462 657 2522 navis
688 2461 804 2521 Uticam
834 2461 983 2539 pervenit.
1035 2466 1109 2524 (lum
1139 2469 1239 2524 autem

208 2563 391 2640 significetur
407 2562 559 2638 terminus,
582 2566 661 2625 unde
677 2566 828 2642 profectus
843 2564 883 2625 eit
898 2564 977 2640 Piso,
1001 2573 1238 2646 exponaturque,

209 2687 267 2747 qua
296 2666 346 2726 via
377 2685 548 2744 progressus
582 2668 636 2742 sit,
669 2668 835 2728 necessario
864 2667 1052 2728 adiciendum
1073 2668 1147 2746 tuiti,
1178 2690 1237 2748 quo
1308 2669 1310 2672 ⁴

207 2767 371 2831 tetenderit
391 2768 457 2829 iter.
502 2771 556 2832 cfr.
580 2775 616 2830 41
623 2777 672 2844 ‚2
701 2773 854 2830 secandam
885 2772 998 2830 radices
1026 2775 1146 2849 propias
1178 2792 1238 2831 ma-

207 2876 331 2933 nitioncs
353 2874 497 2932 accedere.
538 2879 624 2948 98,2
647 2893 665 2932 a
689 2873 843 2933 Caralibus
866 2875 1019 2933 secundam
1043 2883 1149 2933 terram
1167 2896 1239 2953 pro-

204 2977 300 3053 scalas
319 3009 361 3020 —
376 2977 491 3035 Ilomam
514 2980 601 3036 accit.
636 2977 706 3037 bell.
723 2975 797 3036 Gall
814 2977 884 3050 VII,
908 2983 958 3050 34,
975 2983 993 3035 2
1016 2977 1056 3036 ad
1068 3010 1111 3023 -
1128 2980 1238 3055 Gergo-

208 3084 281 3138 aiam
303 3080 457 3138 secandam
469 3081 583 3159 flamen
605 3114 647 3125 -
670 3080 797 3154 legiones
819 3078 932 3137 dacore.
967 3081 1075 3160 Itaque
1091 3080 1116 3139 si
1132 3080 1236 3157 oppidi

208 3201 315 3242 nomen
346 3181 479 3241 additum
509 3202 570 3242 non
601 3186 688 3256 esset,
716 3201 754 3242 cx
783 3181 882 3241 animo
904 3181 1017 3257 legenti
1040 3183 1238 3261 supplendum

208 3284 325 3344 fuisset
369 3283 438 3342 Piso
469 3288 568 3344 autem
598 3285 662 3345 eive
687 3286 884 3344 Adrumetum
913 3284 1053 3360 pervenit
1083 3284 1147 3344 sive
1177 3305 1238 3344 non

209 3384 357 3464 pervenit,
389 3385 489 3446 statim
511 3385 581 3446 inde
604 3387 754 3446 discedere
777 3385 885 3464 potuit,
908 3406 974 3446 cum
996 3386 1238 3446 Cossutianarum

209 3487 343 3566 paucitas
365 3486 476 3568 oppido
499 3488 633 3564 periculo
656 3508 720 3549 esse
742 3509 802 3549 non
824 3495 931 3566 posset.
968 3490 1044 3548 Nam
1066 3509 1131 3549 cum
1155 3490 1238 3569 equi-

210 3596 276 3653 tatu
298 3591 381 3651 nullo
404 3592 468 3652 looo
491 3590 605 3651 diutius
629 3597 825 3652 commoratus
847 3592 880 3650 in
903 3611 954 3652 ora
971 3611 1087 3652 sursum
1102 3594 1239 3652 deorsum

210 3699 346 3756 versatus
376 3699 421 3754 ost
452 3696 488 3754 ad
511 3693 746 3771 intercipiendos
769 3694 820 3775 qui
843 3695 970 3754 navibus
994 3693 1113 3754 exirent
1135 3695 1239 3754 Gaesa-

209 3798 328 3872 rianos;
351 3798 404 3858 cfr.
430 3802 478 3872 18,
495 3801 521 3871 1,
544 3797 597 3859 ubi
618 3796 698 3857 idem
720 3817 766 3856 ex
787 3797 939 3857 itinere
962 3796 1093 3857 Labieno
1110 3796 1240 3857 occurrit

212 3900 352 3961 subsidio.
397 3901 434 3960 Id
464 3902 559 3961 solum
589 3904 669 3961 recte
699 3899 792 3961 sensit
820 3899 1021 3960 Hoffmaunus
1048 3899 1238 3962 Adramalam
