2872 4778
542 430 756 505 -59-

133 625 248 668 causam
276 606 406 684 scriptor
429 607 527 668 reddit
549 606 651 669 dicens
672 611 731 670 hoc
753 610 907 671 dimidium
931 611 1100 674 constitisse
1123 633 1163 674 ex

133 709 285 789 equitibus
308 710 461 771 electis.
499 711 617 773 Deinde
639 719 738 773 eutem
761 716 836 775 alter
859 715 1018 790 genetivus
1037 717 1161 775 eiusdem

130 814 247 888 generis
267 813 318 872 vel
339 815 376 873 ob
399 814 630 875 concinnitatem
655 817 797 877 orationis
819 820 1038 879 conservandus
1061 824 1115 879 est.

219 919 301 989 nel
327 920 496 993 conparatis
517 921 641 996 equiturn
665 922 778 997 magnis
795 922 977 999 peditumque
992 923 1082 999 copiis
1096 921 1162 981 sut·

132 1020 207 1078 sidio
230 1016 320 1098 [rust]
343 1053 383 1064 -
407 1022 451 1078 irc
473 1022 629 1080 contendit.

217 1122 292 1183 (lum
314 1141 370 1181 rec
384 1123 457 1181 Into
481 1123 631 1184 enuntiati
654 1125 694 1185 sit
715 1125 890 1199 subiectum,
913 1145 1076 1203 pronomen
1091 1130 1161 1200 suso,

134 1244 192 1303 quo
222 1225 278 1284 hoc
308 1225 374 1286 loeo
403 1231 580 1285 notarentur
609 1226 709 1305 Scipio
739 1232 769 1288 et
799 1228 988 1305 Pompeiani,
1019 1231 1161 1289 absonum

134 1346 197 1387 esso
218 1326 267 1387 W.
289 1325 349 1387 iam
371 1327 534 1406 perspexit.
578 1329 688 1409 Itaque
718 1350 785 1390 cum
807 1329 949 1390 Leidensi
978 1330 1009 1390 id
1038 1332 1161 1394 delevit.

134 1432 169 1488 In
198 1429 388 1491 adnotatione
418 1434 517 1491 autem
546 1431 611 1507 ipse
643 1431 735 1492 sentit
756 1433 858 1492 deesse
881 1433 1017 1507 dativum
1039 1439 1071 1493 et
1092 1455 1161 1510 pro·
1247 1513 1249 1517 ι

133 1533 219 1610 ponit
241 1535 376 1610 Scipioni
401 1533 469 1601 coll.
494 1533 543 1608 57,
568 1540 596 1607 2,
627 1533 677 1594 abi
700 1535 732 1594 in
757 1535 781 1594 0
803 1555 834 1594 se
856 1534 998 1612 seriptum
1022 1540 1086 1596 erat
1108 1556 1162 1612 pro

133 1638 303 1713 Scipionem.
357 1633 468 1698 Melius
506 1641 605 1697 sutem
644 1637 675 1696 in
709 1637 834 1699 traditas
866 1637 982 1698 litteras
1016 1640 1162 1718 quadrare

132 1739 251 1798 videtur
272 1737 392 1800 dativus
413 1742 508 1798 occsio.
553 1741 628 1799 Nam
651 1738 785 1800 dativum
807 1739 920 1821 requiri
942 1761 998 1800 usu
1020 1742 1163 1817 probatur

133 1841 294 1918 scriptoris,
317 1841 370 1921 qui
393 1862 452 1903 uno
476 1847 591 1902 tantum
613 1843 679 1902 loco
702 1843 804 1902 vorbis
823 1844 966 1902 curiliani
979 1843 1070 1922 serre,
1095 1864 1162 1922 sup-

130 1946 225 2021 petiae
247 1947 300 2018 ire,
323 1945 388 2004 sim.
412 1946 544 2006 dativum
568 1965 627 2004 non
650 1944 768 2006 addidit
792 1950 842 2018 41,
867 1951 885 2004 2
909 1965 971 2004 carn
995 1948 1094 2023 Scrpr’o
1117 1967 1162 2004 ve·

133 2050 219 2117 ritus,
244 2067 280 2106 nc
301 2048 435 2126 oppeiirnn
456 2050 612 2119 amitteret,
642 2081 677 2094 -
702 2050 851 2126 suppetias
868 2051 912 2106 ire
928 2048 1080 2121 sarciendis,
1104 2069 1162 2126 quo

132 2150 196 2210 loco
228 2151 415 2210 enuntiatum
448 2153 557 2208 neritus
592 2171 627 2209 ne
660 2183 702 2195 -
737 2153 884 2209 amitteret
914 2149 1012 2212 dativi
1040 2170 1162 2210 munere

133 2252 275 2328 iuugItur.
305 2257 347 2312 At
363 2250 646 2331 [surosergrcntitus]
661 2252 689 2330 ¹)
710 2255 859 2329 suppetitia
875 2255 918 2310 ire
932 2251 1043 2326 legitur
1059 2258 1109 2327 39,
1125 2259 1143 2312 4
1152 2276 1160 2327 ;

131 2355 233 2414 eodem
256 2355 320 2415 loeo
349 2358 411 2414 aare
439 2357 581 2413 nuxr'liurn
597 2355 699 2434 serrc;
733 2356 782 2429 75,
805 2360 824 2413 4
850 2354 967 2434 [turmis
988 2354 1161 2434 saorurnJ1)

130 2460 279 2534 suppetias
300 2461 429 2532 mittere;
452 2458 519 2519 sim.
544 2464 578 2531 ὃς
603 2463 652 2532 25,
677 2462 694 2517 5
719 2478 779 2537 eqs.

217 2564 299 2634 30,1
325 2562 425 2640 Scipio
447 2593 489 2604 ·-
502 2560 574 2638 sere
595 2562 701 2619 cotidie
722 2594 764 2605 -
787 2563 930 2620 enecuere
952 2563 1041 2620 acrem
1061 2580 1097 2621 cc
1119 2595 1161 2607 -

132 2681 235 2720 rursus
258 2666 288 2722 in
311 2673 409 2722 costra
435 2662 493 2742 [se]
515 2666 658 2740 recepere.

217 2766 267 2827 W.
290 2770 323 2825 ut
345 2767 485 2827 defendet
508 2765 617 2826 codicis
640 2765 687 2826 sui
709 2765 894 2842 scripturam,
917 2768 1033 2826 duobus
1052 2767 1162 2828 nititur

132 2866 223 2927 locis:
256 2873 305 2943 40,
330 2872 352 2937 5,
380 2887 443 2927 curn
470 2871 624 2946 equitatum
647 2868 778 2946 (Caesar)
801 2871 880 2926 intra
902 2887 970 2926 suas
992 2870 1163 2938 munitiones

132 2972 295 3048 recepisset.
333 2975 418 3043 65st
444 2973 553 3030 Cacsar
574 3004 616 3015 -
638 2972 766 3046 legiones
786 2971 858 3028 duca
880 3004 921 3013 -
944 2972 1032 3037 mittit
1053 3003 1093 3012 -
1116 2979 1161 3029 ct·

133 3092 186 3150 que
208 3105 248 3117 —
271 3075 378 3151 recipit
397 3076 427 3132 in
450 3083 558 3135 castra.
602 3072 736 3133 Tertium
767 3071 870 3133 attulit
891 3092 908 3132 e
929 3071 998 3132 bell.
1022 3071 1079 3132 aiv.
1101 3073 1161 3145 ΠΙ,

136 3179 184 3250 58,
207 3181 225 3233 2
248 3175 398 3253 Pompeius
419 3209 461 3219 —
483 3178 640 3253 equitatum
663 3208 706 3220 -
728 3175 768 3234 cd
787 3195 817 3234 sc
839 3209 881 3220 -
903 3177 1019 3252 recipit

219 3276 280 3341 Qui
301 3277 360 3339 loci
382 3277 456 3359 quid
481 3280 617 3355 probent,
648 3297 707 3337 non
728 3276 880 3353 intellego.
926 3278 1001 3337 Nam
1024 3277 1161 3338 omnibus

133 3379 229 3440 tribus
250 3380 421 3458 imperator,
444 3380 496 3460 qui
519 3379 619 3458 copias
641 3379 750 3457 recipit
771 3401 831 3440 non
855 3401 921 3441 cnm
943 3380 990 3440 his
1013 3380 1106 3459 copiis
1130 3401 1161 3442 se

134 3501 252 3562 quoque
274 3482 390 3560 recipit,
413 3486 465 3543 sed
488 3504 523 3543 eo
545 3483 609 3544 locc'
631 3488 776 3556 versatur,
799 3503 857 3564 quo
872 3483 1061 3559 recipiendae
1076 3488 1162 3544 sunt:

133 3584 165 3643 in
187 3585 292 3646 caetris
314 3584 364 3646 vel
385 3584 609 3646 munitionibus.
653 3586 761 3666 Itaque
782 3604 946 3662 pronomen
968 3584 1067 3644 echis
1089 3584 1162 3645 locis

133 3687 256 3748 omnino
278 3686 409 3748 alienum
432 3693 485 3748 est.
529 3688 638 3747 Nostro
668 3694 766 3746 autem
789 3689 854 3748 loco
877 3687 976 3764 Scipio
999 3686 1092 3746 aciem
1116 3687 1162 3746 in·

133 3789 260 3851 struxit:
282 3797 466 3871 quapropter
478 3789 651 3867 recipiendo
665 3789 698 3849 in
713 3793 810 3849 castra
824 3789 958 3849 exercitu
980 3808 1020 3847 se
1043 3808 1161 3868 qnoque

133 3892 251 3969 recipit
296 3891 376 3952 Huic
400 3891 494 3968 igitur
515 3893 579 3953 loco
601 3910 766 3969 pronomen
789 3890 975 3968 aptissimum
997 3897 1051 3952 est.
1096 3893 1161 3952 Iam

204 4110 230 4180 1)
247 4113 296 4165 del.
315 4114 365 4173 W..
383 4113 481 4177 iniuria,
500 4117 528 4162 ut
544 4125 604 4163 usas
622 4113 694 4163 docet
711 4111 847 4176 scriptoris.
