2872 4778
692 332 907 402 ..44-

286 519 335 586 50,
359 518 377 573 2
401 510 499 574 subito
522 533 553 572 se
576 509 715 572 Caesari*
806 509 928 570 Caesari
951 529 982 569 se
1004 509 1102 570 subito

285 622 334 691 53,
360 623 373 675 1
399 635 489 676 naves
512 612 720 674 Caesarianas*
810 613 999 673 Caesarianas
1021 632 1122 672 naves.

286 725 334 792 56,
361 724 375 779 1
400 723 563 797 contraque
810 719 932 776 eontra*

285 827 335 896 59,
359 827 376 881 5
399 821 430 880 id
452 818 530 880 hoo*
809 818 841 877 id
863 819 943 899 quod
966 818 995 877 Ρ.
1038 817 1072 876 id
1093 816 1260 896 quidomL

286 930 335 998 60,
359 930 377 982 2
399 924 498 1002 ipsum
809 921 872 981 fere

286 1033 335 1098 66,
361 1031 373 1084 l
399 1027 506 1086 Caesar
525 1025 668 1086 interim*
809 1023 915 1083 Caesar

285 1135 335 1204 66,
360 1133 374 1187 1
401 1127 530 1189 certior*
808 1124 928 1185 interim
952 1124 1062 1185 certior

286 1237 336 1305 69,
360 1237 378 1289 2
401 1229 535 1291 inferre*
809 1227 914 1288 inferri

285 1340 335 1407 69,
359 1339 378 1393 2
400 1337 557 1412 acerbum†
808 1351 948 1392 acervum

285 1444 334 1511 69,
358 1443 376 1494 2
399 1435 624 1515 comportare*†
810 1433 986 1509 comportari

285 1541 334 1613 70,
362 1544 374 1598 l
399 1540 431 1598 in
453 1540 535 1599 horis
808 1538 840 1596 in
863 1538 985 1596 horam*

285 1645 335 1716 70,
359 1649 376 1700 4
399 1641 521 1700 interim
810 1637 928 1699 autem*

286 1746 335 1818 72,
359 1750 377 1802 4
402 1763 476 1823 quos
810 1744 890 1823 quod

286 1847 335 1920 72,
359 1853 377 1906 4
401 1844 577 1906 stridorem*
809 1846 1026 1922 stridoremque

285 1952 334 2023 72,
359 1954 375 2009 5
400 1953 491 2027 atque
512 1945 565 2007 in*
809 1952 899 2027 atque

286 2055 335 2125 75,
358 2058 376 2111 2
400 2057 490 2131 atquo
511 2051 589 2111 iter*
809 2053 899 2128 atque

285 2155 334 2226 78,
360 2160 373 2213 1
399 2153 542 2214 numero*
810 2171 963 2212 numerum

285 2264 335 2333 85,
359 2257 375 2317 7
399 2257 490 2319 item*
810 2256 930 2314 interim

286 2362 335 2434 87,
360 2367 377 2419 3
401 2358 559 2440 fossaque*
809 2358 956 2437 fossisque

285 2468 334 2535 90,
367 2468 384 2520 3
422 2462 468 2521 bis
504 2462 604 2522 milies
642 2465 678 2522 V.
737 2463 784 2524 bis
812 2460 929 2520 miliens
950 2460 982 2521 P.
1026 2458 1150 2519 miliat

326 2563 408 2623 mine
430 2566 461 2622 A
973 2539 976 2544 ’

285 2670 335 2738 91,
358 2672 376 2724 2
400 2686 432 2727 se
453 2665 538 2745 ipse*
810 2667 930 2745 ipsese

285 2771 335 2843 95,
364 2773 376 2826 l
812 2770 935 2831 eundem
945 2770 1092 2846 praebent
1100 2769 1236 2829 lacunam
1245 2788 1313 2832 ver·

853 2875 959 2934 borum
981 2873 1025 2935 IV

369 3081 406 3138 In
436 3077 485 3140 his
515 3079 680 3139 subsistam.
724 3076 812 3142 Quod
842 3097 929 3154 saepe
952 3077 978 3131 V
1007 3097 1073 3137 oum
1096 3080 1122 3134 Α
1153 3075 1313 3149 consentit,

283 3181 336 3240 ubi
366 3182 417 3240 LP
448 3201 631 3241 communem
653 3184 799 3258 praebent
821 3181 935 3242 veriam
958 3193 988 3240 et
1009 3181 1185 3258 plerumque
1206 3178 1312 3238 falsam

284 3283 469 3358 scripturam,
501 3284 533 3343 id
555 3285 625 3345 inde
648 3285 858 3362 explicandum
881 3303 944 3343 esse
966 3288 1059 3360 patet,
1092 3284 1172 3362 quod
1192 3281 1271 3341 liber
1293 3303 1312 3339 υ

284 3383 401 3444 fidelius
423 3407 442 3443 α
465 3388 654 3463 expresserit,
677 3408 744 3448 oum
765 3387 911 3448 librarius
935 3384 1045 3446 codicis
1068 3406 1090 3444 π
1107 3383 1314 3461 neglegentius

285 3488 479 3565 archetypum
511 3490 710 3567 descripserit.
764 3492 804 3551 Et
841 3490 993 3549 mentione
1027 3488 1150 3565 dignum
1182 3487 1312 3558 videtur,

286 3591 366 3670 quod
388 3596 451 3650 tum
473 3592 583 3672 reliqui
606 3613 724 3673 quoque
746 3595 828 3655 codd
845 3593 926 3653 UFD
952 3592 1119 3652 consentire
1134 3590 1232 3651 solent
1246 3610 1313 3649 cum

284 3694 435 3754 codicibus
449 3702 477 3755 A
493 3702 523 3755 et
538 3697 564 3756 V
587 3695 720 3772 exceptis
740 3716 847 3757 novem
862 3694 924 3755 illis
938 3695 1020 3768 locis,
1042 3693 1094 3753 ubi
1109 3698 1181 3753 nota
1195 3691 1314 3772 adpicta

285 3802 309 3854 Δ
328 3807 358 3857 et
375 3798 399 3854 V
421 3798 499 3858 solos
522 3798 689 3859 consentire
712 3798 897 3874 significavi3
920 3799 1019 3860 solent
1040 3801 1138 3857 eutem
1152 3796 1185 3855 in
1201 3794 1312 3855 eisdem

285 3919 307 3956 π
330 3905 360 3959 et
382 3898 401 3975 β
423 3901 582 3962 dissentire
604 3901 738 3977 exceptis
764 3906 811 3975 13,
837 3905 851 3959 1
864 3922 872 3974 ;
896 3905 946 3974 24,
970 3907 998 3960 2.

371 4006 433 4062 lum
466 4024 544 4064 nova
576 4005 672 4064 oritur
704 4003 857 4082 quaestio,
891 4007 990 4064 utrum
1021 4023 1060 4065 ex
1090 4003 1146 4064 hoo
1168 4000 1269 4067 codice
1291 4021 1314 4063 π
