2872 4778
690 300 902 369 ..10...

279 479 343 536 tum
372 474 437 535 fieri
459 475 614 553 potuisset,
644 479 678 535 ut
700 480 799 535 temen
823 475 941 535 Hirtius
962 474 1022 535 iam
1045 496 1121 535 anno
1144 496 1172 535 u.
1196 496 1221 537 e.
1246 476 1307 536 708
1385 455 1387 460 ¹

279 579 315 638 eb
338 578 443 639 Asinio
465 583 589 656 peteret,
620 583 655 639 ut
676 597 707 637 se
729 579 784 637 hae
806 578 838 637 in
860 597 892 638 re
915 578 1078 653 adiuvaret,
1113 579 1308 655 Landgrefins

280 700 422 760 quaerere
444 682 571 743 distulit.

363 785 432 845 Huo
462 784 576 846 aceedit
605 786 747 845 alterum:
782 803 850 843 nam
880 783 906 843 si
936 803 997 846 non
1029 783 1147 845 Hirtius
1171 784 1246 861 ipse,
1279 790 1309 844 at
1411 858 1415 866 ¹

279 887 384 946 Caesar
415 886 487 947 huie
519 887 597 948 bello
620 887 769 948 interfuit.
814 887 845 947 Is
868 890 966 947 autom
988 893 1068 947 eerto
1091 889 1240 964 putandus
1263 893 1309 947 est

280 989 480 1067 composuisse
502 988 560 1050 sibi
583 990 809 1051 commentarios
832 990 903 1050 belli
928 989 1059 1065 diurnos,
1082 990 1190 1070 quibus
1207 997 1309 1066 postea

278 1092 309 1150 in
333 1092 410 1152 bello
434 1092 599 1152 aeouratins
621 1092 809 1169 explanando
826 1096 967 1153 uteretur.
1001 1093 1066 1153 Hos
1081 1093 1173 1167 igitur
1188 1093 1307 1154 Hirtius

281 1195 385 1254 eodem
407 1196 503 1269 modo,
527 1215 587 1275 quo
608 1195 652 1256 eis
674 1215 745 1256 usus
767 1194 866 1255 estin
888 1196 974 1257 libris
997 1196 1033 1255 de
1048 1196 1118 1257 bell.
1135 1195 1212 1257 Gall.
1228 1196 1306 1255 VIII

279 1304 310 1357 et
336 1298 374 1356 de
404 1297 471 1356 bell.
495 1298 553 1359 sir.
575 1299 685 1359 I-III
717 1297 946 1372 conseribendis,
977 1299 1119 1360 adhibere
1149 1298 1248 1376 potuit
1270 1299 1308 1357 ad

279 1400 521 1461 commentarium
539 1404 575 1461 de
586 1402 663 1462 bello
672 1401 814 1462 Africano
827 1402 1060 1479 componendum
1075 1409 1105 1461 et
1114 1401 1306 1473 adhibuisset,

264 1503 305 1579 ,si
326 1504 447 1564 fortune
468 1504 563 1563 maius
585 1503 613 1563 ei
636 1503 717 1564 vitee
740 1505 868 1583 spatium
892 1504 1086 1564 oonoeesisset
1107 1504 1222 1582 (videas
1244 1502 1307 1579 epi·

279 1607 376 1666 stulae
400 1605 416 1686 S
441 1611 477 1667 ὃς
508 1607 582 1665 mr'hr'
608 1627 644 1664 ne
674 1607 750 1666 illud
769 1609 878 1685 quidem
900 1607 1016 1677 accedit,
1051 1616 1083 1664 ut
1104 1607 1307 1666 Alexandrino

278 1718 364 1786 utque
372 1709 518 1788 Africano
534 1709 607 1769 bello
622 1712 796 1781 interessem,
815 1729 888 1788 quae
904 1708 976 1767 bello
992 1728 1160 1787 quamquam
1175 1731 1212 1768 ee
1221 1719 1308 1786 porte

279 1810 361 1870 nobr‘s
384 1813 520 1872 Caesarie
541 1831 670 1871 sermone
691 1822 760 1872 ssent
779 1822 860 1884 nota,
886 1822 979 1870 tomen
1002 1813 1090 1870 aliar
1112 1814 1242 1871 audemus
1264 1831 1308 1886 eu,

279 1933 353 1991 quae
380 1933 477 1974 rerum
505 1917 632 1974 noor'tate
661 1925 713 1974 aut
742 1916 932 1974 admiratione
961 1936 1013 1974 nos
1044 1918 1172 1992 capiunt,
1206 1915 1304 1984 aliter,

279 2035 349 2094 quoe
377 2036 434 2094 pro
464 2020 622 2077 lertrirrom'o
644 2037 740 2077 sumus
766 2018 894 2088 dietnrr'3
925 2038 980 2095 per
1002 2024 1094 2077 totam
1116 2018 1224 2078 deinde
1245 2016 1308 2092 epi·

279 2119 387 2179 stulam
419 2139 457 2180 ne
488 2123 613 2183 verbum
644 2122 762 2202 quidem
792 2119 866 2180 feeit
896 2121 932 2179 de
955 2120 1079 2180 aliorum
1101 2120 1223 2192 auxilio,
1256 2122 1308 2179 sed

280 2241 397 2282 omnem
419 2223 536 2285 laudem
552 2245 619 2285 eum
635 2224 766 2286 Caesaris
781 2229 845 2285 tum
860 2241 930 2282 snae
945 2223 1040 2301 ipsius
1056 2243 1163 2302 operae
1179 2222 1307 2299 tribuit).

280 2327 388 2405 Itaque
413 2328 490 2387 hano
515 2347 634 2407 quoque
660 2329 697 2386 ob
724 2347 840 2386 eausam
865 2324 944 2385 nihil
967 2346 1035 2386 enm
1057 2345 1178 2387 morere
1200 2324 1308 2403 potuit,

281 2435 315 2488 ut
337 2431 374 2489 ab
397 2429 466 2503 alio,
489 2430 540 2508 qui
563 2450 595 2488 se
618 2431 797 2502 sublevaret,
819 2428 964 2489 auxilium
987 2435 1109 2504 peteret.

367 2532 464 2608 Magis
479 2531 570 2592 etiem
585 2531 733 2591 sententia
747 2533 943 2590 labefactatur
959 2532 1127 2606 Landgrafi,
1148 2531 1174 2591 si
1190 2531 1307 2610 quaeri-

280 2653 355 2706 mus,
378 2636 458 2694 unde
476 2633 614 2693 Asinium
636 2634 748 2711 scripta
762 2633 846 2693 Hirti
868 2633 971 2694 relieta
993 2634 1197 2711 percensuisse
1219 2653 1307 2710 appu·

281 2743 355 2797 reat.
394 2736 590 2812 Landgreflus
613 2737 733 2818 quidem
756 2736 871 2795 nullum
893 2736 995 2796 attulit
1013 2743 1227 2813 argumentum,
1250 2757 1308 2816 qno

281 2837 458 2898 senteutiam
481 2859 563 2899 suem
586 2841 806 2916 eomprobaret;
829 2840 882 2899 sed
903 2845 1008 2900 eontra
1029 2840 1102 2900 feeit
1125 2840 1197 2899 hoe:
1228 2843 1308 2898 eerto

282 2941 360 3003 enirn
383 2939 493 3000 certius
516 2949 561 3002 est
582 2943 693 3002 nullam
716 2942 835 3002 omnino
858 2942 1002 3002 rationem
1024 2943 1208 3002 intereedere
1230 2940 1308 3000 inter

281 3044 379 3104 ultimi
403 3045 606 3106 commentarii
628 3046 666 3106 de
688 3045 756 3104 bell.
774 3044 859 3121 Hisp.
875 3053 1024 3105 auctorem
1045 3051 1075 3104 et
1090 3043 1233 3103 Hirtium.
1269 3049 1308 3102 nt

281 3146 307 3205 si
330 3145 449 3207 Hirtius
478 3147 537 3207 ianr
567 3168 644 3208 anno
668 3147 728 3208 708
757 3167 863 3206 munus
885 3147 958 3206 illud
981 3147 1132 3224 suscipere
1153 3147 1185 3206 in
1208 3146 1307 3206 enimo

282 3249 443 3323 habuisset,
466 3250 531 3311 eine
553 3251 615 3312 ullo
638 3250 727 3311 dubio
751 3270 828 3310 anno
846 3251 906 3309 709
929 3269 976 3309 res
998 3249 1070 3308 belli
1089 3249 1308 3326 Hispaniensis,

282 3350 330 3411 oni
359 3351 423 3429 ipse
452 3353 598 3429 interfuit,
628 3354 692 3431 ipse
724 3353 832 3413 litteris
862 3354 1038 3416 mandasset.
1091 3353 1180 3411 Hune
1209 3359 1307 3410 autem

281 3453 415 3515 libellum
437 3455 574 3530 Asinius,
606 3458 630 3516 si
661 3456 771 3534 scripta
793 3456 889 3516 Hirtii
919 3456 1142 3533 perlustrasset,
1170 3453 1308 3514 invenire

283 3559 371 3617 etad
393 3560 491 3619 lueem
513 3560 600 3620 edere
622 3559 733 3619 debuit.

367 3661 478 3721 Tamen
507 3682 608 3722 omnes
636 3664 694 3723 bse
724 3661 932 3735 diffioultatee,
962 3679 1141 3739 quamquem
1163 3658 1309 3735 explicari

281 3768 443 3844 nequeunt,
465 3766 636 3825 tolerandae
653 3771 761 3838 essent,
784 3764 809 3823 si
824 3763 1019 3838 Landgrsfins
1033 3761 1210 3822 sententiam
1226 3781 1309 3821 suam

281 3860 466 3944 argumentis
489 3867 648 3927 defendere
670 3867 816 3943 potuisset
836 3865 925 3925 certis
943 3871 974 3925 et
988 3864 1139 3941 gravibus.
1173 3867 1219 3923 Ad
1235 3865 1310 3924 haee

282 3974 380 4030 autem
404 3970 429 4029 si
452 3969 625 4044 accedimus,
655 3975 770 4031 tantum
792 3971 877 4035 abest
898 3972 933 4034 ut
955 3972 1035 4034 certa
1057 3972 1088 4027 et
1109 3966 1212 4042 grevia
1235 3987 1310 4050 quae
