2872 4778
596 312 831 385 —106-

201 507 268 548 oum
290 507 361 547 usus
383 485 546 563 scriptoris,
568 486 619 566 qui
641 486 736 547 solum
758 489 931 563 ignominiae
949 507 1039 549 causo
1055 487 1233 564 admisisset,

200 592 347 649 custodiae
373 591 477 667 gratio
506 589 682 668 requireret.
736 589 823 655 Quod
854 590 960 650 falsum
992 610 1056 651 esse
1088 591 1136 653 W.
1168 592 1232 669 ipse

167 710 168 714 ’
201 695 310 755 docuit.
342 695 427 753 Idem
449 698 548 752 tamen
565 693 694 753 resecuit
707 695 780 753 haec
795 695 896 768 verba,
919 714 985 755 cum
1001 694 1033 755 id
1048 699 1231 772 repeterent,

201 799 279 876 quod
314 795 409 856 fusius
442 795 596 856 enuntiato
626 796 709 857 finali
740 795 965 872 exprimeretur.
1017 800 1060 857 st
1099 817 1139 857 ne
1177 801 1232 859 hoc

202 901 320 979 quidem
351 919 454 959 verum
484 903 538 958 est.
582 900 658 957 Nem
681 900 786 959 (laesor
816 919 908 959 naves
939 904 1042 961 contre
1070 902 1174 962 hostes
1199 903 1231 961 in

202 1005 332 1064 statione¹
354 1002 502 1078 disposuit
523 1001 674 1064 custodiae
697 1023 785 1063 eausa
807 1003 877 1081 (hoc
898 1002 1077 1078 generaliter
1098 1003 1232 1083 dietum),

200 1112 235 1166 ut
255 1105 294 1184 (si
317 1125 437 1165 necesse
459 1106 548 1183 esset)
580 1106 706 1166 navibus
735 1105 797 1166 suis
820 1110 986 1167 commeatu
1007 1105 1124 1166 onustis
1146 1127 1231 1184 prae·

201 1208 277 1269 sidio
299 1213 409 1270 essent.
444 1207 529 1269 Unde
552 1208 695 1287 sequitur,
719 1212 753 1268 ut
774 1211 866 1269 verba
880 1211 942 1267 eum
957 1211 1102 1268 onerariis
1120 1211 1229 1286 longis-

201 1332 253 1389 que
267 1310 388 1370 acerbus
407 1311 574 1371 necessarie
589 1311 658 1385 sint,
682 1311 790 1390 quibus
806 1311 911 1371 deletis
927 1313 1046 1371 demum
1060 1312 1229 1374 verbositas

200 1414 261 1489 ille,
284 1434 343 1493 que
364 1415 495 1475 offensus
518 1420 564 1474 est
586 1416 633 1476 W.
658 1414 722 1493 (sed
743 1413 813 1474 vide
835 1434 902 1492 pag.
927 1414 979 1489 77)
1003 1414 1116 1474 extitit.

287 1520 337 1590 47,
365 1522 376 1576 1
401 1537 448 1576 ree
471 1518 648 1576 rberedibiiis
670 1516 810 1599 [auditu]

285 1621 333 1680 W.
356 1620 496 1698 supinum
519 1620 648 1681 sustulit.
693 1621 798 1698 Neque
821 1619 900 1679 enim
928 1619 1108 1680 riseredibilis
1131 1623 1231 1681 creditu

201 1729 335 1784 veterum
368 1723 515 1802 exemplis
549 1724 716 1783 confirmari
747 1744 844 1802 neque
875 1744 928 1784 cur
957 1723 1052 1783 imber
1086 1725 1232 1786 auditu

200 1824 376 1887 horribilior
397 1825 490 1885 fuerit
511 1846 599 1905 quarn
623 1827 736 1887 dictu
758 1826 830 1887 satis
845 1826 991 1902 intellegi.
1026 1828 1130 1887 Altera
1145 1848 1232 1888 causa

202 1929 291 1989 nihili
314 1935 368 1990 est.
406 1930 517 1990 Eodem
539 1929 612 2003 iure,
635 1930 660 1989 si
682 1930 809 2006 scriptor
830 1931 909 1988 dictu
925 1934 1106 2006 usurpasset,
1129 1931 1231 1991 hocin

181 2016 184 2021 ⁵
200 2033 399 2110 suspicionem
422 2052 527 2093 vocare
549 2033 661 2094 liceret.
700 2032 824 2093 Accedit
843 2033 922 2111 quod
937 2033 1036 2090 credatu
1051 2053 1069 2092 a
1083 2033 1231 2112 scriptore

201 2138 334 2197 consulto
377 2157 443 2196 cum
479 2135 614 2195 acumine
651 2137 777 2216 quodam
813 2134 944 2212 positum
983 2155 1048 2195 esse
1090 2135 1229 2197 videtur:

202 2245 302 2300 narrat
330 2238 409 2299 enim
433 2238 504 2318 quid
527 2238 668 2299 acciderit
697 2238 846 2314 vigilia
877 2237 1012 2298 noctis
1042 2241 1229 2300 secunda.

199 2344 299 2403 Noctu
329 2349 426 2402 autem
455 2342 552 2403 imber
582 2348 614 2402 et
642 2344 754 2416 grando
782 2343 899 2417 fragore
921 2340 1050 2415 auditur,
1080 2362 1142 2402 non
1166 2363 1228 2404 car·

200 2445 291 2506 nitur.
335 2446 429 2504 Plane
461 2444 582 2524 quidem
611 2444 707 2505 simile
736 2445 823 2504 huius
853 2444 1029 2504 elocutionis
1059 2446 1229 2523 exemplum

199 2568 259 2607 non
291 2546 453 2619 invenitur,
481 2546 540 2605 nisi
563 2547 594 2606 id
618 2550 695 2626 quod
720 2548 767 2608 W.
790 2548 855 2627 ipse
878 2568 916 2607 ex
938 2548 1040 2608 Curtio
1062 2550 1166 2609 attulit
1187 2551 1227 2622 X,

201 2655 229 2723 5,
253 2656 281 2709 3.
327 2650 432 2728 Neque
461 2653 559 2709 autem
589 2652 714 2710 multum
746 2651 837 2712 distet
867 2650 926 2711 cio.
955 2650 987 2711 iu
1013 2651 1075 2713 Pis.
1100 2658 1141 2711 32
1173 2653 1228 2711 iooc

200 2751 332 2811 motabile
354 2753 455 2812 auditu
477 2773 538 2812 esse
560 2754 703 2813 uideatur.

285 2856 335 2931 47,
362 2863 379 2916 4
412 2858 442 2915 in
471 2855 580 2935 Africo
614 2892 655 2903 -
687 2878 743 2917 noa
776 2859 856 2916 modo
886 2858 964 2917 ostii
991 2857 1050 2917 sibi
1076 2860 1226 2937 quicquum

199 2961 397 3038 adquisierunt
425 2958 491 3041 [uret
515 2958 724 3039 parauerunt],
758 2960 810 3018 sed
835 2963 921 3019 etrum
950 2971 1017 3019 onte
1041 2970 1132 3038 porto
1159 2981 1226 3020 con-

199 3073 392 3142 sumpserant.

286 3166 426 3227 (lodicum
441 3165 588 3244 scriptura
603 3167 715 3244 duplici
731 3166 847 3227 ratione
862 3154 1049 3228 defenditur:
1073 3167 1160 3226 mili
1170 3171 1227 3228 tes

199 3269 381 3330 veterani
403 3272 534 3330 nondum
557 3270 614 3330 sibi
638 3271 796 3349 quicquam
819 3269 1036 3348 adquisierant
1057 3269 1108 3347 (sc.
1130 3271 1169 3330 ad
1184 3289 1226 3343 ea,

202 3392 277 3452 quae
306 3372 454 3448 prioribus
486 3373 602 3433 militiis
631 3374 690 3434 sibi
722 3372 926 3450 paraverant),
963 3372 1120 3432 tirones
1149 3371 1226 3431 nihil

200 3475 319 3536 omnino
350 3476 408 3536 sibi
435 3481 620 3554 paraverant.
665 3477 797 3537 Alteram
820 3476 964 3537 rationem
987 3475 1035 3536 W.
1056 3475 1122 3552 ipse
1144 3495 1227 3534 mou·

199 3578 316 3653 stravit,
342 3599 401 3658 que
421 3578 600 3661 adquirendi
622 3583 746 3640 verbum
769 3582 807 3638 ad
829 3578 1019 3655 stipendium,
1042 3577 1167 3656 parandi
1190 3578 1228 3639 ad

199 3684 339 3759 praedam
363 3682 412 3762 (ad
434 3684 536 3760 pelles,
559 3686 660 3757 strata,
683 3681 804 3759 similia)
826 3687 950 3759 spectet.

286 3789 335 3859 51,
359 3791 376 3844 3
400 3785 432 3844 id
451 3787 507 3844 leuc
529 3788 641 3845 ratione
663 3784 749 3866 [opus
771 3782 957 3864 restruebat}
985 3795 1017 3844 ut
1037 3819 1091 3844 -.

284 3888 406 3949 Plenior
435 3890 507 3950 haec
533 3889 627 3950 oratio
651 3887 838 3948 defenditur:
873 3894 899 3962 1,
923 3894 941 3946 2
971 3890 1025 3947 iooc
1047 3907 1079 3948 eo
1102 3888 1226 3949 consilio

196 3989 278 4066 fecii,
303 4010 348 4048 oe.
397 3995 445 4065 60,
468 3998 487 4051 4
511 3993 542 4051 id
561 4012 594 4050 eo
617 3994 737 4051 coasilio
750 3990 879 4077 seecerut,
905 4000 947 4049 ut.
