2872 4778
562 404 777 472 „15-

152 577 278 638 osuselis
288 579 370 656 quod,
382 597 458 658 quse
470 579 547 655 apud
559 579 639 639 huno
649 577 824 656 scriptorem
835 578 964 641 ooourrit
972 579 1179 655 duodetrioies‚

153 682 190 740 ab
212 680 320 741 Asinio
348 680 437 757 plene
459 686 504 741 est
526 680 631 743 eliens.

238 783 298 843 eeu
318 784 393 843 hseo
414 804 474 843 non
497 785 559 844 sole
582 791 628 844 est
648 786 807 847 diversitas
829 786 981 860 sermonis,
1004 803 1079 865 quse
1099 785 1181 848 inter

151 886 231 946 huno
267 887 510 947 commentorium
550 894 580 948 et
610 888 709 947 Asinii
746 889 889 968 reliquias
920 889 1088 949 intercedit
1142 889 1181 949 Et

152 1009 331 1069 quemquem
354 991 402 1050 W.
425 990 636 1066 gloriabundus
659 994 830 1068 prolocutus
852 998 899 1053 est
920 994 975 1072 (ΙΙ,
998 1012 1063 1070 pag.
1088 993 1180 1070 883)=

58 1131 63 1139 -
156 1093 244 1150 Unter
273 1092 349 1151 allen
384 1093 552 1160 Urustdmien
585 1095 637 1152 leet
665 1114 730 1153 mun
760 1095 793 1174 (i.
816 1116 842 1156 e.
871 1095 909 1170 ei,
940 1096 992 1174 qui
1021 1095 1181 1172 Landgrnfi

153 1195 283 1271 amplexi
299 1201 369 1255 sunt
383 1195 573 1272 sententium)
597 1198 649 1256 dos
664 1200 753 1256 lieedt
775 1218 814 1256 zu
830 1200 996 1276 nerlangen,
1022 1197 1098 1277 dese,
1123 1218 1182 1256 wer
1282 1216 1284 1220 ·

153 1297 231 1357 beide
257 1298 413 1378 Vetfaseer
435 1300 480 1356 uls
504 1300 682 1359 verschiedeu
706 1304 854 1372 euntium,
879 1305 942 1360 eine
962 1302 1060 1379 gieioh
1079 1300 1183 1380 grofise

153 1401 211 1459 und
231 1402 327 1479 gleioh
351 1402 626 1461 eharulcteristiseie
646 1405 770 1463 Anzuil
791 1424 844 1462 uon
866 1405 1065 1482 spreehliehen
1089 1405 1181 1486 Diffe-

152 1524 257 1563 renzen
287 1505 444 1582 eusweise5
476 1504 544 1563 uber
573 1505 632 1582 uus
649 1509 744 1565 diesen
771 1509 877 1566 Beweis
898 1510 975 1566 wird
995 1509 1046 1566 der
1070 1509 1183 1585 Gegner

154 1610 319 1666 uerzieleten
342 1609 466 1679 missen,
494 1615 592 1668 temen
614 1611 672 1669 hoo
694 1630 800 1669 munus
823 1610 1038 1686 aggrediemur.

239 1709 326 1774 Quod
357 1708 466 1772 attinet
496 1712 532 1770 sd
563 1710 816 1772 substantivorum
845 1733 948 1787 usum,
983 1720 1051 1774 ente
1082 1714 1183 1774 omnis

153 1814 329 1873 monendum
345 1820 391 1873 est
404 1812 542 1874 Asinium
558 1835 710 1893 nunquam
726 1836 883 1892 usurpasse
905 1816 1037 1875 demin
1048 1817 1183 1892 utive,

154 1914 261 1994 quibus
284 1921 386 1977 euotor
409 1917 612 1977 oommenterii
628 1918 801 1998 saepissime
816 1939 886 1978 usus
902 1924 962 1993 est;
985 1920 1089 1998 quein
1105 1939 1182 1980 eom·

152 2019 282 2095 ponendi
313 2019 483 2080 differentia
512 2041 656 2078 summum
679 2020 779 2079 inesse
803 2021 969 2097 putaverim
991 2028 1181 2083 momentum.

152 2123 307 2183 Praeterea
330 2123 452 2198 pluralis
475 2123 611 2183 vocabuli
626 2123 783 2202 frumenti,
808 2124 859 2203 qui
882 2125 995 2200 legitur
1016 2127 1094 2201 epud
1117 2125 1184 2183 Asi·

153 2226 236 2285 nium
259 2226 299 2296 X,
322 2230 371 2298 33,
396 2234 423 2302 5,
455 2246 510 2302 per
532 2233 626 2286 totum
650 2228 903 2300 oommwtarinm,
927 2246 1105 2306 quemquem
1128 2229 1184 2287 hoo

152 2328 371 2388 substantivum
394 2329 488 2388 vinies
511 2337 616 2409 quator
638 2329 801 2403 invenitur,
831 2330 912 2389 nullo
936 2330 1001 2390 looo
1023 2338 1182 2407 usurpatus

153 2437 206 2492 est.
263 2433 355 2492 Porro
393 2433 568 2491 vocabulum
608 2433 756 2491 tabellarii
790 2433 822 2492 in
855 2432 991 2510 epistulis
1022 2431 1183 2512 quinquies

150 2534 261 2610 legitur
283 2535 345 2613 (31,
372 2534 490 2616 l(bis);
515 2542 549 2609 43
573 2541 622 2610 33,
652 2541 683 2610 1;
707 2537 748 2613 3),
770 2535 801 2595 in
825 2537 1035 2597 commentario
1058 2556 1118 2596 non
1135 2536 1182 2596 in-

79 2706 83 2713 ,
152 2637 264 2710 venies,
290 2640 342 2696 sed
359 2644 460 2697 aneton
476 2659 593 2716 semper
608 2645 732 2716 usurpet
751 2658 859 2700 nomen
878 2642 975 2699 nuntii
992 2659 1054 2698 oum
1078 2641 1183 2697 litteris

152 2741 197 2797 De
228 2741 358 2802 vooetivi
391 2742 520 2823 denique
542 2743 635 2802 forma
658 2743 789 2801 hercules
811 2749 841 2802 et
863 2742 987 2817 hercule,
1020 2749 1050 2803 et
1072 2744 1108 2801 de
1130 2762 1182 2802 no·

152 2843 265 2902 minum
286 2845 475 2921 propriorum
497 2845 692 2905 collocatione
715 2845 784 2904 vide
807 2864 874 2921 pag.
900 2849 948 2905 12.

238 2948 286 3005 Ad
321 2947 536 3007 adieetiverum
569 2961 654 3007 usum
689 2947 714 3008 si
751 2947 911 3008 transimus
945 2947 1182 3020 examinandum,

152 3049 280 3125 primum
309 3050 438 3111 ooeurrit
470 3051 618 3113 adieetive
646 3051 779 3110 derivate
809 3050 842 3109 in
875 3053 969 3124 eiius,
1008 3069 1074 3108 oum
1104 3051 1182 3126 apud

154 3152 292 3213 Asinium
315 3154 429 3230 legetur
453 3157 568 3213 Hirteiro
588 3189 622 3201 -
637 3154 749 3232 proelio
773 3153 825 3230 (X,
850 3157 899 3226 33,
916 3151 956 3229 4),
980 3153 1013 3212 iu
1036 3171 1182 3213 oommen-

153 3255 230 3317 tsrio
252 3277 313 3317 non
334 3257 475 3331 inveniri,
507 3259 559 3317 sod
581 3278 616 3317 ee
639 3259 709 3331 sole,
733 3277 808 3336 ques
832 3255 995 3318 terminent
1015 3255 1048 3315 in
1076 3257 1182 3333 fideus.

150 3358 226 3419 ielut
256 3361 367 3420 Iulz'eni
404 3361 475 3440 (15,
499 3367 534 3435 23
568 3366 624 3435 40,
649 3367 666 3418 2
698 3359 781 3440 equ).
846 3359 961 3419 Deinde
993 3358 1182 3422 sdieotivum.

152 3462 259 3525 Asinio
290 3465 442 3543 proprium
472 3466 649 3523 aiseiliuries
672 3466 736 3542 (32,
761 3463 792 3541 5)
824 3463 857 3522 in
889 3462 1100 3524 commentario
1122 3482 1182 3522 nou

152 3565 331 3641 vnvenitur3
346 3566 437 3628 immo
453 3569 608 3627 auxiliaris
623 3567 734 3643 legitur
751 3572 799 3641 59,
812 3573 840 3626 3.
875 3565 1030 3626 Adieotive
1045 3566 1184 3644 deniqne,

153 3688 229 3746 quse
250 3669 339 3729 huius
363 3671 566 3732 oommenterii
588 3678 689 3731 auotor
705 3671 834 3730 maxime
849 3670 975 3745 emet¹)‚
998 3669 1083 3731 velut
1098 3671 1183 3726 meie-

155 3771 221 3831 iile
250 3772 314 3850 (10,
338 3780 373 3850 3;
408 3780 455 3851 13,
481 3780 495 3834 1
521 3777 613 3855 eqs.);
646 3774 787 3852 mirificus
809 3774 873 3852 (40,
898 3777 933 3846 53
957 3779 975 3830 6
1003 3772 1086 3852 eqs),
1117 3791 1184 3830 oum

154 3929 358 3938 ———-.--

224 4014 249 4082 1)
267 4031 340 4077 quem
358 4016 446 4064 inseite
463 4015 534 4064 dooet
553 4017 594 4077 et,
613 4018 645 4064 4:
671 4015 749 4077 iopam
767 4013 886 4076 inponi
909 4025 1009 4073 neque
1026 4011 1073 4059 ite
1086 4024 1181 4074 prue-

151 4102 263 4152 altum.
