2872 4778
515 393 749 466 -115—

208 571 257 646 67,
282 578 301 632 2
329 591 433 649 magno
458 575 570 632 enecato
596 573 708 644 hordei,
742 575 809 647 olei,
842 577 912 645 oriri,
936 573 998 652 fici
1021 593 1147 647 numero,

119 676 231 757 [pauco
254 676 361 757 trinae]
384 685 469 754 alque
491 687 622 737 recreato
645 681 784 738 carrada.

207 779 280 837 (lum
298 779 479 839 adiectivum
492 800 602 858 paucas
617 780 767 841 rarissime
782 800 904 842 numero
919 782 1036 858 legatur
1050 782 1151 858 singu-

119 882 177 942 lari
207 881 336 962 (Froehl.
359 883 386 954 Ι,
417 903 483 959 pag.
507 887 544 942 61
578 883 666 944 affert
696 884 792 944 solum
821 884 937 946 Vitruv.
963 886 988 960 1,
1021 890 1046 959 l,
1071 891 1089 945 6
1120 891 1152 946 et

121 985 197 1045 Gell.
219 984 291 1058 XX,
319 989 344 1058 l,
368 988 417 1059 31,
449 987 644 1046 conferendus
667 1007 785 1067 quoque
816 992 906 1061 31,3
939 990 1018 1047 alii
1043 1009 1151 1067 qaoque

121 1086 286 1166 aquilona),
316 1088 363 1149 W.
396 1108 454 1148 non
488 1088 583 1150 solum
616 1109 653 1148 ex
686 1092 711 1150 L
740 1092 826 1151 foede
857 1091 1038 1168 interpolato
1058 1110 1150 1168 parco

121 1191 244 1268 recepit,
273 1193 324 1250 sed
352 1191 441 1251 etiam
465 1196 499 1251 ut
521 1192 616 1251 omnis
639 1192 764 1254 offensio
787 1194 918 1268 tollatur,
948 1195 1039 1253 verba
1057 1214 1150 1271 parvo

122 1297 217 1353 trr'tiei
244 1292 372 1354 delevitt
403 1295 565 1355 nonenim
589 1296 661 1374 qaid
684 1316 718 1356 ea
740 1298 776 1356 ad
800 1297 964 1358 exercitum
987 1303 1151 1358 recreatum

121 1396 234 1456 faciant
263 1415 350 1474 posse
380 1397 534 1473 intellegi;
566 1397 830 1475 interpolationem
860 1399 985 1460 fluxisse
1015 1421 1031 1460 e
1058 1406 1107 1473 36,
1132 1405 1149 1457 2

122 1520 160 1557 ce
183 1501 285 1575 oppido
303 1500 450 1577 Thysdrae
472 1503 501 1559 in
524 1501 601 1579 qnod
622 1504 716 1560 lra'lici
735 1502 856 1561 anodiam
880 1504 960 1562 miliia
984 1503 1056 1561 CCC
1076 1521 1150 1560 eosn-

119 1611 241 1678 portata
252 1601 382 1678 filerunt.
408 1602 466 1663 Sed
478 1602 542 1663 sine
556 1603 646 1665 dubio
658 1604 787 1681 scriptor
798 1604 976 1682 simpliciter
988 1608 1150 1678 enumerat,
1223 1634 1225 1639 >

123 1704 197 1783 quid
225 1702 258 1763 in
288 1724 391 1784 campo
414 1725 508 1783 prope
531 1709 632 1782 Aggar
654 1706 826 1768 invenerint
848 1707 1025 1782 (lassariani,
1054 1727 1152 1786 neque

122 1807 291 1884 significare
312 1808 387 1882 vult,
410 1809 594 1869 omnibus
616 1810 665 1870 hia
680 1811 831 1871 alimentis
846 1810 972 1888 repertis
987 1808 1152 1871 exereitum

122 1930 187 1971 esse
206 1916 380 1972 recreatum.
413 1911 530 1971 Deinde
552 1919 650 1973 autem
665 1914 691 1972 si
707 1914 907 1991 interpolator
920 1913 973 1972 illo
987 1914 1053 1973 loco
1068 1912 1151 1972 nisus

121 2016 215 2074 verba
226 2014 366 2088 inseruit,
381 2013 488 2074 mirum
504 2020 558 2090 est,
575 2036 627 2075 cur
641 2035 701 2074 non
712 2015 872 2075 inseruerit
883 2017 979 2074 lrs'n'ei
991 2035 1150 2092 magnam

123 2120 177 2176 vim
206 2117 360 2178 inventam
392 2136 464 2177 esse.
510 2117 576 2176 Nisi
606 2120 682 2178 forte
712 2118 739 2178 ei
763 2138 840 2198 quae
861 2118 990 2178 delectat
1011 2117 1151 2180 varietati

120 2222 179 2280 iste
201 2221 325 2282 studuit.

208 2330 258 2399 69,
283 2328 297 2382 l
331 2323 476 2382 Labienus
506 2322 707 2402 Afroneissqac
738 2356 778 2368 -
812 2323 863 2403 [ee
895 2323 1010 2384 insidiis
1039 2321 1151 2401 adorti]

122 2432 235 2505 agmini
253 2431 315 2486 eius
337 2436 463 2486 celrano
487 2447 517 2485 se
539 2426 676 2508 offerunt.

207 2530 386 2591 Insidiarum
416 2530 528 2590 mentio
559 2550 679 2607 prorsus
707 2528 891 2591 necessaria:
926 2527 1060 2609 alioquin
1090 2549 1150 2589 non

122 2633 322 2709 intellegimus
345 2632 398 2712 qui
420 2633 486 2692 fieri
508 2634 651 2710 potnerit,
674 2638 708 2693 ut
726 2633 889 2694 novissimo
904 2633 1024 2693 demum
1039 2632 1151 2708 agmini

123 2739 223 2796 hostes
247 2756 313 2796 sese
335 2736 516 2797 obtulerint:
546 2737 578 2795 iu
600 2735 718 2794 insidiis
740 2736 857 2797 scilicet
878 2736 1035 2808 latuerant,
1058 2738 1152 2795 donec

123 2839 217 2898 maior
246 2838 372 2914 agminis
400 2859 469 2917 pare
499 2844 579 2899 esset
608 2843 845 2915 praetergressa:
879 2842 942 2898 tam
973 2858 1012 2898 ex
1033 2837 1151 2896 insidiis

124 2941 221 3002 adorti
250 2947 320 3003 sunt
348 2948 523 3003 extremam.
576 2940 740 3002 adoriendi
770 2941 912 3003 vocabulo
944 2940 1072 3016 scriptor
1101 2941 1152 2999 ab·

124 3046 220 3106 solute
242 3065 313 3105 usus
335 3052 381 3107 est
403 3051 437 3106 ut
456 3047 523 3106 looo
546 3044 638 3105 simili
661 3050 712 3119 96,
735 3050 753 3104 2
783 3047 897 3104 insidiis
919 3045 1066 3120 desposin's
1088 3063 1150 3102 eane

121 3151 217 3224 prenso
248 3149 311 3208 laec
332 3150 453 3209 adortus
474 3149 528 3228 (so.
551 3168 590 3208 ex
611 3147 743 3226 insidiis)
772 3181 814 3193 -
842 3148 970 3226 reliquos
992 3146 1147 3223 interserit.

211 3252 228 3310 7
232 3258 260 3326 2,
280 3256 294 3311 l
319 3253 422 3331 quibas
443 3273 481 3311 ca·
495 3252 580 3311 relies
597 3253 706 3310 Cacsar
721 3252 897 3310 vehementer
912 3250 1147 3321 commonebatur,

124 3355 199 3433 qnod
219 3358 466 3434 quotienscumque
485 3355 627 3433 proelium
650 3365 716 3414 caol
736 3357 926 3426 eommr'seam,
949 3355 1078 3433 equitata
1099 3373 1151 3411 suo

123 3491 165 3503 -
188 3459 309 3517 hostiam
339 3460 483 3536 eqm‘lnlui
512 3459 622 3535 lcoa'qae
651 3467 818 3517 armaturae
848 3476 944 3516 coram
967 3457 1151 3516 nullomodo

120 3579 179 3639 por
206 3581 267 3620 esse
292 3570 420 3638 poterat.
467 3560 683 3620 sollicitabatur
712 3569 806 3620 aulem
835 3559 896 3640 [lis
924 3557 1043 3637 rebas],
1078 3558 1154 3636 qaod

123 3666 246 3724 nondam
278 3665 403 3741 legiones
433 3665 555 3724 dostram
586 3674 770 3740 cognoverat,
803 3673 832 3721 cl
858 3682 978 3742 quonam
1001 3661 1081 3718 modo
1103 3679 1151 3718 sa·

122 3769 230 3826 stinerc
260 3787 291 3825 se
313 3775 411 3844 posset
432 3767 484 3850 [ab
505 3786 602 3826 eornm
624 3768 753 3844 eqm'lola
777 3765 886 3845 icos'qae
906 3773 1057 3824 armatura
1079 3763 1153 3841 qaae

123 3880 208 3929 crant
230 3868 372 3952 mirs'fica]
394 3873 423 3929 si
443 3871 568 3947 legiones
590 3888 700 3949 qaoque
720 3871 917 3954 accessissent.

211 3973 248 4031 In
269 3975 318 4035 his
340 3974 389 4035 W.
411 3973 539 4051 primum
562 3972 675 4034 delevit
697 3973 742 4031 lie
763 3971 860 4030 relus.
905 3971 981 4030 Nam
1004 3989 1070 4029 cum
1092 3990 1152 4029 una

124 4078 188 4137 sola
216 4077 427 4139 sollicitudinis
457 4096 544 4137 eausa
575 4076 741 4136 adferretur
769 4076 846 4153 qaod
873 4074 995 4132 nondam
1025 4074 1152 4152 legiones

906 4171 947 4233 8*
