<?xml version="1.0" encoding="UTF-8"?>
<!DOCTYPE html PUBLIC "-//W3C//DTD XHTML 1.0 Transitional//EN"
    "http://www.w3.org/TR/xhtml1/DTD/xhtml1-transitional.dtd">
<html xmlns="http://www.w3.org/1999/xhtml" xml:lang="en" lang="en">
 <head>
  <title>
</title>
<meta http-equiv="Content-Type" content="text/html;charset=utf-8" />
  <meta name='ocr-system' content='tesseract 3.04.00' />
  <meta name='ocr-capabilities' content='ocr_page ocr_carea ocr_par ocr_line ocrx_word'/>
</head>
<body>
  <div class='ocr_page' id='page_1' title='image "./incommentariumd00moelgoog_0033.png"; bbox 0 0 2872 4778; ppageno 0'>
   <div class='ocr_carea' id='block_1_1' title="bbox 689 312 900 393">
    <p class='ocr_par' dir='ltr' id='par_1_1' title="bbox 689 312 900 393">
     <span class='ocr_line' id='line_1_1' title="bbox 689 312 900 393; baseline 0.005 -18"><span class='ocrx_word' id='word_1_1' title='bbox 689 312 900 393; x_wconf 60' lang='grc' dir='ltr'>,ᾒὸ-</span> 
     </span>
    </p>
   </div>
   <div class='ocr_carea' id='block_1_2' title="bbox 278 499 1309 682">
    <p class='ocr_par' dir='ltr' id='par_1_2' title="bbox 278 499 1309 682">
     <span class='ocr_line' id='line_1_2' title="bbox 278 499 1309 583; baseline -0.007 -18"><span class='ocrx_word' id='word_1_2' title='bbox 278 502 349 565; x_wconf 87' lang='lat' dir='ltr'>laxa</span> <span class='ocrx_word' id='word_1_3' title='bbox 378 504 527 583; x_wconf 89' lang='lat' dir='ltr'><strong><em>duraque,</em></strong></span> <span class='ocrx_word' id='word_1_4' title='bbox 559 500 699 578; x_wconf 81' lang='lat' dir='ltr'>inprimis</span> <span class='ocrx_word' id='word_1_5' title='bbox 731 505 829 561; x_wconf 90' lang='lat' dir='ltr'>autem</span> <span class='ocrx_word' id='word_1_6' title='bbox 859 505 1035 577; x_wconf 84' lang='lat' dir='ltr'>parataxeos</span> <span class='ocrx_word' id='word_1_7' title='bbox 1066 499 1210 578; x_wconf 81' lang='lat' dir='ltr'><strong>quaedam</strong></span> <span class='ocrx_word' id='word_1_8' title='bbox 1240 518 1309 576; x_wconf 91' lang='lat' dir='ltr'>spe·</span> 
     </span>
     <span class='ocr_line' id='line_1_3' title="bbox 279 608 435 682; baseline 0.006 -15"><span class='ocrx_word' id='word_1_9' title='bbox 279 608 435 682; x_wconf 80' lang='lat' dir='ltr'>aimina1).</span> 
     </span>
    </p>
   </div>
   <div class='ocr_carea' id='block_1_3' title="bbox 274 741 1308 4147">
    <p class='ocr_par' dir='ltr' id='par_1_3' title="bbox 278 741 1308 1150">
     <span class='ocr_line' id='line_1_4' title="bbox 279 741 1308 804; baseline -0.005 -12"><span class='ocrx_word' id='word_1_10' title='bbox 279 748 396 794; x_wconf 89' lang='lat' dir='ltr'>tationem</span> <span class='ocrx_word' id='word_1_11' title='bbox 423 747 544 794; x_wconf 91' lang='lat' dir='ltr'><strong><em>deductus</em></strong></span> <span class='ocrx_word' id='word_1_12' title='bbox 570 750 608 792; x_wconf 88' lang='lat' dir='ltr'>est</span> <span class='ocrx_word' id='word_1_13' title='bbox 634 747 675 803; x_wconf 78' lang='lat' dir='ltr'>ib,</span> <span class='ocrx_word' id='word_1_14' title='bbox 695 747 706 791; x_wconf 88' lang='lat' dir='ltr'>t</span> <span class='ocrx_word' id='word_1_15' title='bbox 726 743 911 804; x_wconf 67' lang='lat' dir='ltr'>inspectantibus</span> <span class='ocrx_word' id='word_1_16' title='bbox 929 742 1078 789; x_wconf 82' lang='lat' dir='ltr'>adversariis</span> <span class='ocrx_word' id='word_1_17' title='bbox 1096 741 1218 796; x_wconf 62' lang='lat' dir='ltr'>musceto</span> <span class='ocrx_word' id='word_1_18' title='bbox 1232 754 1308 800; x_wconf 87' lang='lat' dir='ltr'>prae·</span> 
     </span>
     <span class='ocr_line' id='line_1_5' title="bbox 280 827 1308 893; baseline -0.005 -15"><span class='ocrx_word' id='word_1_19' title='bbox 280 833 342 880; x_wconf 84' lang='lat' dir='ltr'>sidio</span> <span class='ocrx_word' id='word_1_20' title='bbox 360 832 489 893; x_wconf 76' lang='lat' dir='ltr'>Scipionis,</span> <span class='ocrx_word' id='word_1_21' title='bbox 509 846 561 879; x_wconf 85' lang='lat' dir='ltr'>cum</span> <span class='ocrx_word' id='word_1_22' title='bbox 578 831 627 878; x_wconf 87' lang='lat' dir='ltr'>auia</span> <span class='ocrx_word' id='word_1_23' title='bbox 645 829 763 878; x_wconf 76' lang='lat' dir='ltr'>ancilium</span> <span class='ocrx_word' id='word_1_24' title='bbox 774 828 846 888; x_wconf 81' lang='lat' dir='ltr'>serre</span> <span class='ocrx_word' id='word_1_25' title='bbox 862 845 911 876; x_wconf 91' lang='lat' dir='ltr'>non</span> <span class='ocrx_word' id='word_1_26' title='bbox 927 828 1044 875; x_wconf 66' lang='lat' dir='ltr'>auduom</span> <span class='ocrx_word' id='word_1_27' title='bbox 1063 865 1068 874; x_wconf 93' lang='lat'><em>.</em></span> <span class='ocrx_word' id='word_1_28' title='bbox 1085 863 1111 876; x_wconf 83' lang='lat'>,.</span> <span class='ocrx_word' id='word_1_29' title='bbox 1130 828 1178 874; x_wconf 87' lang='lat' dir='ltr'>hoc</span> <span class='ocrx_word' id='word_1_30' title='bbox 1195 827 1249 873; x_wconf 88' lang='lat' dir='ltr'>loco</span> <span class='ocrx_word' id='word_1_31' title='bbox 1266 827 1308 873; x_wconf 87' lang='lat' dir='ltr'>W.</span> 
     </span>
     <span class='ocr_line' id='line_1_6' title="bbox 280 911 1308 976; baseline -0.007 -10"><span class='ocrx_word' id='word_1_32' title='bbox 280 919 429 966; x_wconf 84' lang='lat' dir='ltr'>adoereariis</span> <span class='ocrx_word' id='word_1_33' title='bbox 448 919 478 965; x_wconf 92' lang='lat' dir='ltr'>ad</span> <span class='ocrx_word' id='word_1_34' title='bbox 495 917 613 964; x_wconf 89' lang='lat' dir='ltr'>Sarsurae</span> <span class='ocrx_word' id='word_1_35' title='bbox 631 917 725 964; x_wconf 89' lang='lat' dir='ltr'>incolas</span> <span class='ocrx_word' id='word_1_36' title='bbox 743 921 852 973; x_wconf 90' lang='lat' dir='ltr'>revocat,</span> <span class='ocrx_word' id='word_1_37' title='bbox 871 930 957 976; x_wconf 86' lang='lat' dir='ltr'>parum</span> <span class='ocrx_word' id='word_1_38' title='bbox 976 919 1040 974; x_wconf 85' lang='lat' dir='ltr'>apta.</span> <span class='ocrx_word' id='word_1_39' title='bbox 1075 915 1140 961; x_wconf 82' lang='lat' dir='ltr'>Nam</span> <span class='ocrx_word' id='word_1_40' title='bbox 1157 911 1308 960; x_wconf 83' lang='lat' dir='ltr'>vocabulum</span> 
     </span>
     <span class='ocr_line' id='line_1_7' title="bbox 282 997 1307 1065; baseline -0.007 -13"><span class='ocrx_word' id='word_1_41' title='bbox 282 1010 378 1065; x_wconf 87' lang='lat' dir='ltr'>spectat</span> <span class='ocrx_word' id='word_1_42' title='bbox 395 1005 426 1052; x_wconf 87' lang='lat' dir='ltr'>ad</span> <span class='ocrx_word' id='word_1_43' title='bbox 438 1003 596 1052; x_wconf 88' lang='lat' dir='ltr'>Labienanas</span> <span class='ocrx_word' id='word_1_44' title='bbox 614 1018 658 1063; x_wconf 90' lang='lat' dir='ltr'>per</span> <span class='ocrx_word' id='word_1_45' title='bbox 676 1002 753 1050; x_wconf 89' lang='lat' dir='ltr'>eolles</span> <span class='ocrx_word' id='word_1_46' title='bbox 770 1003 856 1062; x_wconf 90' lang='lat' dir='ltr'>procul</span> <span class='ocrx_word' id='word_1_47' title='bbox 875 1001 1019 1049; x_wconf 89' lang='lat' dir='ltr'>subsecutos</span> <span class='ocrx_word' id='word_1_48' title='bbox 1037 999 1089 1064; x_wconf 77' lang='lat'>(75,</span> <span class='ocrx_word' id='word_1_49' title='bbox 1103 997 1137 1060; x_wconf 75' lang='grc'>6),</span> <span class='ocrx_word' id='word_1_50' title='bbox 1155 1013 1218 1058; x_wconf 86' lang='lat' dir='ltr'>quos</span> <span class='ocrx_word' id='word_1_51' title='bbox 1230 1013 1307 1046; x_wconf 90' lang='lat' dir='ltr'><strong><em>enun-</em></strong></span> 
     </span>
     <span class='ocr_line' id='line_1_8' title="bbox 278 1085 1307 1150; baseline -0.004 -13"><span class='ocrx_word' id='word_1_52' title='bbox 278 1091 365 1138; x_wconf 89' lang='lat' dir='ltr'>tiatum</span> <span class='ocrx_word' id='word_1_53' title='bbox 385 1104 482 1150; x_wconf 90' lang='lat' dir='ltr'>quoque</span> <span class='ocrx_word' id='word_1_54' title='bbox 500 1089 585 1149; x_wconf 79' lang='lat' dir='ltr'>paucis</span> <span class='ocrx_word' id='word_1_55' title='bbox 602 1088 686 1137; x_wconf 86' lang='lat' dir='ltr'>verbis</span> <span class='ocrx_word' id='word_1_56' title='bbox 703 1093 759 1148; x_wconf 92' lang='lat' dir='ltr'>post</span> <span class='ocrx_word' id='word_1_57' title='bbox 777 1089 908 1146; x_wconf 88' lang='lat' dir='ltr'>insequens</span> <span class='ocrx_word' id='word_1_58' title='bbox 926 1103 978 1134; x_wconf 90' lang='lat' dir='ltr'>cum</span> <span class='ocrx_word' id='word_1_59' title='bbox 994 1085 1162 1136; x_wconf 76' lang='lat' dir='ltr'><strong><em>...auderent</em></strong></span> <span class='ocrx_word' id='word_1_60' title='bbox 1173 1085 1307 1145; x_wconf 78' lang='lat' dir='ltr'>significat.</span> 
     </span>
    </p>

    <p class='ocr_par' dir='ltr' id='par_1_4' title="bbox 274 1172 1308 4147">
     <span class='ocr_line' id='line_1_9' title="bbox 353 1172 1308 1242; baseline -0.007 -18"><span class='ocrx_word' id='word_1_61' title='bbox 353 1174 378 1242; x_wconf 87' lang='lat'>1)</span> <span class='ocrx_word' id='word_1_62' title='bbox 395 1177 464 1223; x_wconf 89' lang='lat' dir='ltr'>Haec</span> <span class='ocrx_word' id='word_1_63' title='bbox 489 1175 644 1236; x_wconf 89' lang='lat' dir='ltr'>potissimum</span> <span class='ocrx_word' id='word_1_64' title='bbox 667 1175 757 1222; x_wconf 90' lang='lat' dir='ltr'>docent</span> <span class='ocrx_word' id='word_1_65' title='bbox 775 1174 918 1233; x_wconf 81' lang='lat' dir='ltr'>scriptorem</span> <span class='ocrx_word' id='word_1_66' title='bbox 936 1188 982 1220; x_wconf 90' lang='lat' dir='ltr'>usu</span> <span class='ocrx_word' id='word_1_67' title='bbox 999 1172 1124 1221; x_wconf 87' lang='lat' dir='ltr'>scribendi</span> <span class='ocrx_word' id='word_1_68' title='bbox 1140 1172 1222 1219; x_wconf 90' lang='lat' dir='ltr'>minus</span> <span class='ocrx_word' id='word_1_69' title='bbox 1240 1185 1308 1218; x_wconf 82' lang='lat' dir='ltr'>exer·</span> 
     </span>
     <span class='ocr_line' id='line_1_10' title="bbox 279 1257 1307 1318; baseline -0.005 -9"><span class='ocrx_word' id='word_1_70' title='bbox 279 1263 381 1310; x_wconf 89' lang='lat' dir='ltr'>citatum</span> <span class='ocrx_word' id='word_1_71' title='bbox 400 1276 462 1310; x_wconf 86' lang='lat' dir='ltr'>asse.</span> <span class='ocrx_word' id='word_1_72' title='bbox 498 1262 562 1307; x_wconf 83' lang='lat' dir='ltr'>Nam</span> <span class='ocrx_word' id='word_1_73' title='bbox 580 1275 635 1308; x_wconf 89' lang='lat' dir='ltr'>cum</span> <span class='ocrx_word' id='word_1_74' title='bbox 654 1259 842 1307; x_wconf 87' lang='lat' dir='ltr'>coniuncta</span> <span class='ocrx_word' id='word_1_75' title='bbox 860 1259 916 1318; x_wconf 92' lang='lat' dir='ltr'>sint,</span> <span class='ocrx_word' id='word_1_76' title='bbox 938 1273 1001 1317; x_wconf 91' lang='lat' dir='ltr'><strong><em>quae</em></strong></span> <span class='ocrx_word' id='word_1_77' title='bbox 1018 1264 1105 1318; x_wconf 88' lang='lat' dir='ltr'>suapte</span> <span class='ocrx_word' id='word_1_78' title='bbox 1122 1262 1212 1305; x_wconf 86' lang='lat' dir='ltr'>natura</span> <span class='ocrx_word' id='word_1_79' title='bbox 1229 1257 1307 1305; x_wconf 93' lang='lat' dir='ltr'><strong><em>sub·</em></strong></span> 
     </span>
     <span class='ocr_line' id='line_1_11' title="bbox 278 1343 1306 1406; baseline -0.004 -12"><span class='ocrx_word' id='word_1_80' title='bbox 278 1349 397 1396; x_wconf 87' lang='lat' dir='ltr'>iuncta</span> <span class='ocrx_word' id='word_1_81' title='bbox 420 1362 474 1395; x_wconf 88' lang='lat' dir='ltr'>esse</span> <span class='ocrx_word' id='word_1_82' title='bbox 501 1347 632 1405; x_wconf 87' lang='lat' dir='ltr'><strong><em>debebant,</em></strong></span> <span class='ocrx_word' id='word_1_83' title='bbox 658 1345 801 1406; x_wconf 83' lang='lat' dir='ltr'>quaeratis</span> <span class='ocrx_word' id='word_1_84' title='bbox 822 1346 884 1392; x_wconf 88' lang='lat' dir='ltr'>inter</span> <span class='ocrx_word' id='word_1_85' title='bbox 902 1345 1000 1404; x_wconf 85' lang='lat' dir='ltr'>singula</span> <span class='ocrx_word' id='word_1_86' title='bbox 1018 1345 1147 1392; x_wconf 90' lang='lat' dir='ltr'>enuntiata</span> <span class='ocrx_word' id='word_1_87' title='bbox 1163 1343 1306 1400; x_wconf 74' lang='lat' dir='ltr'>intercedat,</span> 
     </span>
     <span class='ocr_line' id='line_1_12' title="bbox 278 1430 1307 1496; baseline -0.006 -14"><span class='ocrx_word' id='word_1_88' title='bbox 278 1439 379 1496; x_wconf 90' lang='lat' dir='ltr'>propter</span> <span class='ocrx_word' id='word_1_89' title='bbox 397 1434 515 1482; x_wconf 87' lang='lat' dir='ltr'>sermonis</span> <span class='ocrx_word' id='word_1_90' title='bbox 534 1432 698 1493; x_wconf 91' lang='lat' dir='ltr'>componendi</span> <span class='ocrx_word' id='word_1_91' title='bbox 717 1432 887 1479; x_wconf 79' lang='lat' dir='ltr'>difficultatem</span> <span class='ocrx_word' id='word_1_92' title='bbox 905 1431 1043 1492; x_wconf 77' lang='lat' dir='ltr'>exprimere</span> <span class='ocrx_word' id='word_1_93' title='bbox 1061 1445 1117 1478; x_wconf 89' lang='lat' dir='ltr'>eum</span> <span class='ocrx_word' id='word_1_94' title='bbox 1135 1444 1183 1477; x_wconf 92' lang='lat' dir='ltr'>non</span> <span class='ocrx_word' id='word_1_95' title='bbox 1196 1430 1307 1490; x_wconf 89' lang='lat' dir='ltr'>potuisse</span> 
     </span>
     <span class='ocr_line' id='line_1_13' title="bbox 278 1515 1307 1582; baseline -0.006 -14"><span class='ocrx_word' id='word_1_96' title='bbox 278 1525 394 1582; x_wconf 82' lang='lat' dir='ltr'>apparat3</span> <span class='ocrx_word' id='word_1_97' title='bbox 413 1521 482 1567; x_wconf 86' lang='lat' dir='ltr'>velut</span> <span class='ocrx_word' id='word_1_98' title='bbox 495 1522 510 1567; x_wconf 84' lang='lat'>5</span> <span class='ocrx_word' id='word_1_99' title='bbox 524 1524 654 1579; x_wconf 80' lang='lat' dir='ltr'>postquam</span> <span class='ocrx_word' id='word_1_100' title='bbox 673 1554 678 1564; x_wconf 95' lang='lat'>.</span> <span class='ocrx_word' id='word_1_101' title='bbox 692 1553 698 1564; x_wconf 94' lang='lat'><strong>.</strong></span> <span class='ocrx_word' id='word_1_102' title='bbox 712 1556 717 1566; x_wconf 90' lang='lat'><em>.</em></span> <span class='ocrx_word' id='word_1_103' title='bbox 737 1533 810 1577; x_wconf 76' lang='lat' dir='ltr'><strong><em>neque</em></strong></span> <span class='ocrx_word' id='word_1_104' title='bbox 827 1532 966 1577; x_wconf 83' lang='lat' dir='ltr'>responsum</span> <span class='ocrx_word' id='word_1_105' title='bbox 986 1532 1057 1563; x_wconf 88' lang='lat' dir='ltr'><strong><em>...a</em></strong></span> <span class='ocrx_word' id='word_1_106' title='bbox 1069 1515 1181 1564; x_wconf 82' lang='lat' dir='ltr'>Considio</span> <span class='ocrx_word' id='word_1_107' title='bbox 1193 1515 1307 1575; x_wconf 82' lang='lat' dir='ltr'>dabatur,</span> 
     </span>
     <span class='ocr_line' id='line_1_14' title="bbox 277 1601 1305 1666; baseline -0.007 -11"><span class='ocrx_word' id='word_1_108' title='bbox 277 1622 350 1666; x_wconf 74' lang='lat' dir='ltr'><strong><em>nequa</em></strong></span> <span class='ocrx_word' id='word_1_109' title='bbox 367 1605 391 1652; x_wconf 89' lang='lat' dir='ltr'>ei</span> <span class='ocrx_word' id='word_1_110' title='bbox 406 1605 514 1664; x_wconf 75' lang='lat' dir='ltr'>retiquae</span> <span class='ocrx_word' id='word_1_111' title='bbox 532 1605 615 1664; x_wconf 89' lang='lat' dir='ltr'>copiae</span> <span class='ocrx_word' id='word_1_112' title='bbox 633 1603 811 1662; x_wconf 67' lang='lat' dir='ltr'>succurrebant,</span> <span class='ocrx_word' id='word_1_113' title='bbox 838 1619 912 1662; x_wconf 81' lang='lat' dir='ltr'><strong><em>neque</em></strong></span> <span class='ocrx_word' id='word_1_114' title='bbox 930 1604 1037 1662; x_wconf 84' lang='lat' dir='ltr'>equitatu</span> <span class='ocrx_word' id='word_1_115' title='bbox 1054 1601 1200 1659; x_wconf 75' lang='lat' dir='ltr'><strong><em>abundabat,</em></strong></span> <span class='ocrx_word' id='word_1_116' title='bbox 1219 1609 1241 1648; x_wconf 90' lang='lat' dir='ltr'>et</span> <span class='ocrx_word' id='word_1_117' title='bbox 1260 1635 1305 1648; x_wconf 91' lang='lat'>...</span> 
     </span>
     <span class='ocr_line' id='line_1_15' title="bbox 277 1688 1307 1750; baseline -0.007 -10"><span class='ocrx_word' id='word_1_118' title='bbox 277 1708 325 1740; x_wconf 91' lang='lat' dir='ltr'>non</span> <span class='ocrx_word' id='word_1_119' title='bbox 350 1691 409 1739; x_wconf 87' lang='lat' dir='ltr'>sutis</span> <span class='ocrx_word' id='word_1_120' title='bbox 436 1691 561 1750; x_wconf 72' lang='lat' dir='ltr'>cepionem</span> <span class='ocrx_word' id='word_1_121' title='bbox 586 1689 688 1737; x_wconf 83' lang='lat' dir='ltr'><strong><em>babebat</em></strong></span> <span class='ocrx_word' id='word_1_122' title='bbox 712 1697 734 1737; x_wconf 90' lang='lat' dir='ltr'>et</span> <span class='ocrx_word' id='word_1_123' title='bbox 750 1705 792 1737; x_wconf 85' lang='lat' dir='ltr'>eus</span> <span class='ocrx_word' id='word_1_124' title='bbox 809 1691 919 1747; x_wconf 65' lang='lat' dir='ltr'>aronam,</span> <span class='ocrx_word' id='word_1_125' title='bbox 946 1705 1020 1748; x_wconf 78' lang='lat' dir='ltr'><strong><em>neque</em></strong></span> <span class='ocrx_word' id='word_1_126' title='bbox 1034 1689 1115 1749; x_wconf 83' lang='lat' dir='ltr'>priam</span> <span class='ocrx_word' id='word_1_127' title='bbox 1132 1688 1236 1736; x_wconf 82' lang='lat' dir='ltr'><strong><em>aduentu</em></strong></span> <span class='ocrx_word' id='word_1_128' title='bbox 1253 1702 1307 1734; x_wconf 91' lang='lat' dir='ltr'>con-</span> 
     </span>
     <span class='ocr_line' id='line_1_16' title="bbox 276 1773 1308 1835; baseline -0.006 -9"><span class='ocrx_word' id='word_1_129' title='bbox 276 1777 401 1826; x_wconf 84' lang='lat' dir='ltr'>oubnerari</span> <span class='ocrx_word' id='word_1_130' title='bbox 424 1777 551 1822; x_wconf 82' lang='lat' dir='ltr'>eaeros‘tum</span> <span class='ocrx_word' id='word_1_131' title='bbox 573 1775 666 1823; x_wconf 74' lang='lat' dir='ltr'>acutat</span> <span class='ocrx_word' id='word_1_132' title='bbox 691 1783 712 1822; x_wconf 89' lang='lat' dir='ltr'>et</span> <span class='ocrx_word' id='word_1_133' title='bbox 736 1776 821 1835; x_wconf 80' lang='lat' dir='ltr'>oppidi</span> <span class='ocrx_word' id='word_1_134' title='bbox 847 1776 943 1835; x_wconf 80' lang='lat' dir='ltr'>epreps&#39;a</span> <span class='ocrx_word' id='word_1_135' title='bbox 969 1775 1067 1823; x_wconf 73' lang='lat' dir='ltr'>mundr&#39;o</span> <span class='ocrx_word' id='word_1_136' title='bbox 1088 1783 1110 1822; x_wconf 91' lang='lat' dir='ltr'>et</span> <span class='ocrx_word' id='word_1_137' title='bbox 1127 1773 1237 1834; x_wconf 77' lang='lat' dir='ltr'>difficilis</span> <span class='ocrx_word' id='word_1_138' title='bbox 1255 1780 1308 1821; x_wconf 85' lang='lat' dir='ltr'>erat</span> 
     </span>
     <span class='ocr_line' id='line_1_17' title="bbox 280 1860 1308 1922; baseline -0.005 -11"><span class='ocrx_word' id='word_1_139' title='bbox 280 1875 472 1920; x_wconf 59' lang='lat' dir='ltr'>...occasum</span> <span class='ocrx_word' id='word_1_140' title='bbox 498 1868 521 1908; x_wconf 83' lang='lat' dir='ltr'>et</span> <span class='ocrx_word' id='word_1_141' title='bbox 544 1861 701 1908; x_wconf 70' lang='lat' dir='ltr'>nuntiabatur</span> <span class='ocrx_word' id='word_1_142' title='bbox 725 1860 820 1908; x_wconf 76' lang='lat' dir='ltr'>acedia</span> <span class='ocrx_word' id='word_1_143' title='bbox 844 1877 934 1921; x_wconf 77' lang='lat' dir='ltr'>maprm</span> <span class='ocrx_word' id='word_1_144' title='bbox 1029 1861 1159 1922; x_wconf 78' lang='lat' dir='ltr'>oppidanis</span> <span class='ocrx_word' id='word_1_145' title='bbox 1185 1860 1308 1920; x_wconf 83' lang='lat' dir='ltr'>suppetias</span> 
     </span>
     <span class='ocr_line' id='line_1_18' title="bbox 276 1945 1308 2008; baseline -0.005 -12"><span class='ocrx_word' id='word_1_146' title='bbox 276 1950 369 1997; x_wconf 83' lang='lat' dir='ltr'>uenire:</span> <span class='ocrx_word' id='word_1_147' title='bbox 394 1964 442 1995; x_wconf 92' lang='lat' dir='ltr'>non</span> <span class='ocrx_word' id='word_1_148' title='bbox 466 1954 500 1995; x_wconf 88' lang='lat' dir='ltr'>est</span> <span class='ocrx_word' id='word_1_149' title='bbox 522 1947 576 1994; x_wconf 84' lang='lat' dir='ltr'>aisa</span> <span class='ocrx_word' id='word_1_150' title='bbox 599 1948 664 1994; x_wconf 89' lang='lat' dir='ltr'>ratio</span> <span class='ocrx_word' id='word_1_151' title='bbox 682 1948 717 1994; x_wconf 83' lang='lat' dir='ltr'>ad</span> <span class='ocrx_word' id='word_1_152' title='bbox 733 1947 919 2008; x_wconf 77' lang='lat' dir='ltr'>oppnpnandam</span> <span class='ocrx_word' id='word_1_153' title='bbox 936 1947 1049 2007; x_wconf 82' lang='lat' dir='ltr'>oppidum</span> <span class='ocrx_word' id='word_1_154' title='bbox 1067 1945 1237 1995; x_wconf 83' lang='lat' dir='ltr'>commorandi.</span> <span class='ocrx_word' id='word_1_155' title='bbox 1273 1945 1308 1992; x_wconf 87' lang='lat' dir='ltr'>Ut</span> 
     </span>
     <span class='ocr_line' id='line_1_19' title="bbox 276 2032 1306 2094; baseline -0.006 -11"><span class='ocrx_word' id='word_1_156' title='bbox 276 2035 393 2083; x_wconf 79' lang='lat' dir='ltr'><strong><em>defendat</em></strong></span> <span class='ocrx_word' id='word_1_157' title='bbox 405 2032 519 2081; x_wconf 82' lang='lat' dir='ltr'>Caesaris</span> <span class='ocrx_word' id='word_1_158' title='bbox 537 2033 666 2094; x_wconf 90' lang='lat' dir='ltr'>rationem,</span> <span class='ocrx_word' id='word_1_159' title='bbox 685 2034 791 2092; x_wconf 83' lang='lat' dir='ltr'>scriptor</span> <span class='ocrx_word' id='word_1_160' title='bbox 808 2047 882 2091; x_wconf 91' lang='lat' dir='ltr'>quam</span> <span class='ocrx_word' id='word_1_161' title='bbox 898 2033 1018 2093; x_wconf 89' lang='lat' dir='ltr'>plurimas</span> <span class='ocrx_word' id='word_1_162' title='bbox 1030 2035 1119 2081; x_wconf 86' lang='lat' dir='ltr'>afferre</span> <span class='ocrx_word' id='word_1_163' title='bbox 1132 2034 1197 2080; x_wconf 90' lang='lat' dir='ltr'>solet</span> <span class='ocrx_word' id='word_1_164' title='bbox 1209 2044 1306 2078; x_wconf 81' lang='lat' dir='ltr'>causas.</span> 
     </span>
     <span class='ocr_line' id='line_1_20' title="bbox 276 2117 1306 2179; baseline -0.006 -11"><span class='ocrx_word' id='word_1_165' title='bbox 276 2121 316 2168; x_wconf 89' lang='lat' dir='ltr'>Sic</span> <span class='ocrx_word' id='word_1_166' title='bbox 339 2125 364 2167; x_wconf 92' lang='lat' dir='ltr'>et</span> <span class='ocrx_word' id='word_1_167' title='bbox 387 2120 508 2167; x_wconf 89' lang='lat' dir='ltr'>hocloco</span> <span class='ocrx_word' id='word_1_168' title='bbox 526 2120 558 2166; x_wconf 92' lang='lat' dir='ltr'>ad</span> <span class='ocrx_word' id='word_1_169' title='bbox 575 2125 708 2179; x_wconf 77' lang='lat' dir='ltr'>septam</span> <span class='ocrx_word' id='word_1_170' title='bbox 727 2133 863 2178; x_wconf 87' lang='lat' dir='ltr'>provocare</span> <span class='ocrx_word' id='word_1_171' title='bbox 880 2119 988 2179; x_wconf 86' lang='lat' dir='ltr'>videtur,</span> <span class='ocrx_word' id='word_1_172' title='bbox 1015 2120 1057 2166; x_wconf 90' lang='lat' dir='ltr'>sed</span> <span class='ocrx_word' id='word_1_173' title='bbox 1076 2119 1097 2167; x_wconf 91' lang='lat' dir='ltr'>si</span> <span class='ocrx_word' id='word_1_174' title='bbox 1115 2119 1197 2166; x_wconf 89' lang='lat' dir='ltr'>acrius</span> <span class='ocrx_word' id='word_1_175' title='bbox 1215 2117 1306 2164; x_wconf 82' lang='lat' dir='ltr'>axami-</span> 
     </span>
     <span class='ocr_line' id='line_1_21' title="bbox 276 2202 1305 2268; baseline -0.005 -14"><span class='ocrx_word' id='word_1_176' title='bbox 276 2207 401 2268; x_wconf 88' lang='lat' dir='ltr'>nabimus,</span> <span class='ocrx_word' id='word_1_177' title='bbox 425 2206 553 2266; x_wconf 74' lang='lat' dir='ltr'>apparebit</span> <span class='ocrx_word' id='word_1_178' title='bbox 578 2221 628 2253; x_wconf 91' lang='lat' dir='ltr'>non</span> <span class='ocrx_word' id='word_1_179' title='bbox 652 2205 720 2266; x_wconf 87' lang='lat' dir='ltr'>paris</span> <span class='ocrx_word' id='word_1_180' title='bbox 746 2219 788 2253; x_wconf 88' lang='lat' dir='ltr'>eas</span> <span class='ocrx_word' id='word_1_181' title='bbox 813 2219 868 2252; x_wconf 90' lang='lat' dir='ltr'>esse</span> <span class='ocrx_word' id='word_1_182' title='bbox 885 2205 1012 2265; x_wconf 86' lang='lat' dir='ltr'>momenti,</span> <span class='ocrx_word' id='word_1_183' title='bbox 1037 2205 1080 2252; x_wconf 89' lang='lat' dir='ltr'>sed</span> <span class='ocrx_word' id='word_1_184' title='bbox 1098 2204 1159 2252; x_wconf 90' lang='lat' dir='ltr'>alias</span> <span class='ocrx_word' id='word_1_185' title='bbox 1176 2203 1231 2251; x_wconf 89' lang='lat' dir='ltr'>aliis</span> <span class='ocrx_word' id='word_1_186' title='bbox 1248 2202 1305 2250; x_wconf 89' lang='lat' dir='ltr'><strong><em>sub·</em></strong></span> 
     </span>
     <span class='ocr_line' id='line_1_22' title="bbox 274 2290 1238 2350; baseline -0.003 -11"><span class='ocrx_word' id='word_1_187' title='bbox 274 2293 372 2341; x_wconf 89' lang='lat' dir='ltr'>iunctas</span> <span class='ocrx_word' id='word_1_188' title='bbox 397 2293 438 2339; x_wconf 86' lang='lat' dir='ltr'>vel</span> <span class='ocrx_word' id='word_1_189' title='bbox 465 2306 495 2338; x_wconf 82' lang='lat' dir='ltr'>ex</span> <span class='ocrx_word' id='word_1_190' title='bbox 520 2292 551 2338; x_wconf 94' lang='lat' dir='ltr'>iis</span> <span class='ocrx_word' id='word_1_191' title='bbox 577 2292 750 2339; x_wconf 88' lang='lat' dir='ltr'>consectarias.</span> <span class='ocrx_word' id='word_1_192' title='bbox 786 2292 863 2338; x_wconf 88' lang='lat' dir='ltr'>Velut</span> <span class='ocrx_word' id='word_1_193' title='bbox 887 2291 964 2338; x_wconf 89' lang='lat' dir='ltr'>verba</span> <span class='ocrx_word' id='word_1_194' title='bbox 989 2305 1064 2350; x_wconf 79' lang='lat' dir='ltr'><strong><em>neque</em></strong></span> <span class='ocrx_word' id='word_1_195' title='bbox 1087 2291 1110 2336; x_wconf 90' lang='lat' dir='ltr'>ei</span> <span class='ocrx_word' id='word_1_196' title='bbox 1130 2290 1238 2349; x_wconf 73' lang='lat' dir='ltr'>reliquae</span> 
     </span>
     <span class='ocr_line' id='line_1_23' title="bbox 275 2374 1304 2434; baseline -0.004 -10"><span class='ocrx_word' id='word_1_197' title='bbox 275 2377 415 2424; x_wconf 83' lang='lat' dir='ltr'><strong><em>abundabat</em></strong></span> <span class='ocrx_word' id='word_1_198' title='bbox 438 2391 489 2424; x_wconf 92' lang='lat' dir='ltr'>non</span> <span class='ocrx_word' id='word_1_199' title='bbox 515 2377 618 2424; x_wconf 87' lang='lat' dir='ltr'>alteram</span> <span class='ocrx_word' id='word_1_200' title='bbox 643 2381 668 2422; x_wconf 89' lang='lat' dir='ltr'>et</span> <span class='ocrx_word' id='word_1_201' title='bbox 693 2377 790 2423; x_wconf 82' lang='lat' dir='ltr'>tertiam</span> <span class='ocrx_word' id='word_1_202' title='bbox 815 2377 942 2424; x_wconf 85' lang='lat' dir='ltr'>continent</span> <span class='ocrx_word' id='word_1_203' title='bbox 960 2391 1066 2434; x_wconf 90' lang='lat' dir='ltr'>causam,</span> <span class='ocrx_word' id='word_1_204' title='bbox 1092 2390 1134 2423; x_wconf 88' lang='lat' dir='ltr'>eur</span> <span class='ocrx_word' id='word_1_205' title='bbox 1152 2374 1243 2423; x_wconf 80' lang='lat' dir='ltr'>Caesar</span> <span class='ocrx_word' id='word_1_206' title='bbox 1261 2388 1304 2434; x_wconf 93' lang='lat' dir='ltr'>op·</span> 
     </span>
     <span class='ocr_line' id='line_1_24' title="bbox 274 2461 1304 2524; baseline -0.004 -14"><span class='ocrx_word' id='word_1_207' title='bbox 274 2464 426 2524; x_wconf 85' lang='lat' dir='ltr'><strong><em>pugnatione</em></strong></span> <span class='ocrx_word' id='word_1_208' title='bbox 444 2462 574 2519; x_wconf 90' lang='lat' dir='ltr'>destiterit,</span> <span class='ocrx_word' id='word_1_209' title='bbox 592 2462 636 2509; x_wconf 92' lang='lat' dir='ltr'>sed</span> <span class='ocrx_word' id='word_1_210' title='bbox 654 2476 753 2509; x_wconf 89' lang='lat' dir='ltr'>oausam</span> <span class='ocrx_word' id='word_1_211' title='bbox 771 2463 869 2514; x_wconf 85' lang='lat' dir='ltr'><strong><em>addant.</em></strong></span> <span class='ocrx_word' id='word_1_212' title='bbox 889 2477 933 2510; x_wconf 91' lang='lat' dir='ltr'>cur</span> <span class='ocrx_word' id='word_1_213' title='bbox 950 2462 1043 2510; x_wconf 81' lang='lat' dir='ltr'>Cacsar</span> <span class='ocrx_word' id='word_1_214' title='bbox 1060 2463 1091 2509; x_wconf 91' lang='lat' dir='ltr'>ad</span> <span class='ocrx_word' id='word_1_215' title='bbox 1110 2461 1304 2522; x_wconf 70' lang='lat' dir='ltr'>oppugnandum</span> 
     </span>
     <span class='ocr_line' id='line_1_25' title="bbox 276 2547 1305 2608; baseline -0.001 -13"><span class='ocrx_word' id='word_1_216' title='bbox 276 2562 326 2596; x_wconf 93' lang='lat' dir='ltr'>non</span> <span class='ocrx_word' id='word_1_217' title='bbox 344 2547 405 2594; x_wconf 89' lang='lat' dir='ltr'>satis</span> <span class='ocrx_word' id='word_1_218' title='bbox 422 2547 550 2606; x_wconf 89' lang='lat' dir='ltr'>copiarum</span> <span class='ocrx_word' id='word_1_219' title='bbox 567 2547 689 2595; x_wconf 87' lang='lat' dir='ltr'>habuerit.</span> <span class='ocrx_word' id='word_1_220' title='bbox 718 2548 796 2594; x_wconf 88' lang='lat' dir='ltr'><strong><em>Plane</em></strong></span> <span class='ocrx_word' id='word_1_221' title='bbox 814 2548 889 2595; x_wconf 86' lang='lat' dir='ltr'>simili</span> <span class='ocrx_word' id='word_1_222' title='bbox 904 2548 977 2595; x_wconf 92' lang='lat' dir='ltr'>modo</span> <span class='ocrx_word' id='word_1_223' title='bbox 990 2549 1069 2597; x_wconf 85' lang='lat' dir='ltr'>verba</span> <span class='ocrx_word' id='word_1_224' title='bbox 1080 2556 1101 2595; x_wconf 89' lang='lat' dir='ltr'>et</span> <span class='ocrx_word' id='word_1_225' title='bbox 1113 2547 1198 2608; x_wconf 76' lang='lat' dir='ltr'>oppidi</span> <span class='ocrx_word' id='word_1_226' title='bbox 1207 2562 1305 2607; x_wconf 77' lang='lat' dir='ltr'>eprepra</span> 
     </span>
     <span class='ocr_line' id='line_1_26' title="bbox 275 2631 1304 2694; baseline 0 -14"><span class='ocrx_word' id='word_1_227' title='bbox 275 2633 374 2680; x_wconf 79' lang='lat' dir='ltr'>munitio</span> <span class='ocrx_word' id='word_1_228' title='bbox 392 2667 398 2680; x_wconf 92' lang='lat'>.</span> <span class='ocrx_word' id='word_1_229' title='bbox 413 2665 438 2680; x_wconf 90' lang='lat'>..</span> <span class='ocrx_word' id='word_1_230' title='bbox 459 2631 579 2692; x_wconf 87' lang='lat' dir='ltr'>suppetias</span> <span class='ocrx_word' id='word_1_231' title='bbox 597 2633 676 2680; x_wconf 81' lang='lat' dir='ltr'>uenire</span> <span class='ocrx_word' id='word_1_232' title='bbox 702 2647 752 2680; x_wconf 90' lang='lat' dir='ltr'>non</span> <span class='ocrx_word' id='word_1_233' title='bbox 771 2637 864 2680; x_wconf 85' lang='lat' dir='ltr'><strong><em>sextam</em></strong></span> <span class='ocrx_word' id='word_1_234' title='bbox 883 2639 908 2681; x_wconf 91' lang='lat' dir='ltr'>et</span> <span class='ocrx_word' id='word_1_235' title='bbox 925 2633 1053 2694; x_wconf 87' lang='lat' dir='ltr'>septimam</span> <span class='ocrx_word' id='word_1_236' title='bbox 1072 2648 1171 2681; x_wconf 89' lang='lat' dir='ltr'>causam</span> <span class='ocrx_word' id='word_1_237' title='bbox 1188 2634 1304 2693; x_wconf 82' lang='lat' dir='ltr'>afferunt,</span> 
     </span>
     <span class='ocr_line' id='line_1_27' title="bbox 275 2718 1305 2776; baseline 0 -11"><span class='ocrx_word' id='word_1_238' title='bbox 275 2719 350 2766; x_wconf 91' lang='lat' dir='ltr'>immo</span> <span class='ocrx_word' id='word_1_239' title='bbox 374 2719 476 2776; x_wconf 90' lang='lat' dir='ltr'>docent,</span> <span class='ocrx_word' id='word_1_240' title='bbox 502 2732 545 2764; x_wconf 89' lang='lat' dir='ltr'>cur</span> <span class='ocrx_word' id='word_1_241' title='bbox 573 2719 747 2774; x_wconf 84' lang='lat' dir='ltr'>convulnerari¹</span> <span class='ocrx_word' id='word_1_242' title='bbox 770 2720 904 2767; x_wconf 86' lang='lat' dir='ltr'>exercitum</span> <span class='ocrx_word' id='word_1_243' title='bbox 931 2733 1031 2767; x_wconf 87' lang='lat' dir='ltr'>necasse</span> <span class='ocrx_word' id='word_1_244' title='bbox 1057 2720 1137 2766; x_wconf 85' lang='lat' dir='ltr'>inerit.</span> <span class='ocrx_word' id='word_1_245' title='bbox 1173 2718 1305 2766; x_wconf 88' lang='lat' dir='ltr'>Praeterea</span> 
     </span>
     <span class='ocr_line' id='line_1_28' title="bbox 274 2803 1303 2865; baseline 0.001 -15"><span class='ocrx_word' id='word_1_246' title='bbox 274 2803 386 2852; x_wconf 88' lang='lat' dir='ltr'>membra</span> <span class='ocrx_word' id='word_1_247' title='bbox 412 2803 522 2865; x_wconf 74' lang='lat' dir='ltr'>difficilis</span> <span class='ocrx_word' id='word_1_248' title='bbox 548 2804 583 2851; x_wconf 81' lang='lat' dir='ltr'>ad</span> <span class='ocrx_word' id='word_1_249' title='bbox 606 2819 658 2864; x_wconf 86' lang='lat' dir='ltr'>opp.</span> <span class='ocrx_word' id='word_1_250' title='bbox 685 2819 795 2852; x_wconf 83' lang='lat' dir='ltr'>accessus</span> <span class='ocrx_word' id='word_1_251' title='bbox 820 2810 845 2853; x_wconf 92' lang='lat' dir='ltr'>et</span> <span class='ocrx_word' id='word_1_252' title='bbox 870 2804 955 2865; x_wconf 83' lang='lat' dir='ltr'>oppidi</span> <span class='ocrx_word' id='word_1_253' title='bbox 976 2805 1071 2865; x_wconf 79' lang='lat' dir='ltr'>eprepia</span> <span class='ocrx_word' id='word_1_254' title='bbox 1088 2804 1187 2852; x_wconf 75' lang='lat' dir='ltr'>mundio</span> <span class='ocrx_word' id='word_1_255' title='bbox 1205 2819 1255 2852; x_wconf 92' lang='lat' dir='ltr'>non</span> <span class='ocrx_word' id='word_1_256' title='bbox 1274 2819 1303 2851; x_wconf 88' lang='lat' dir='ltr'>ex</span> 
     </span>
     <span class='ocr_line' id='line_1_29' title="bbox 275 2889 1304 2950; baseline -0.002 -12"><span class='ocrx_word' id='word_1_257' title='bbox 275 2904 354 2948; x_wconf 90' lang='lat' dir='ltr'>aequo</span> <span class='ocrx_word' id='word_1_258' title='bbox 373 2889 455 2950; x_wconf 87' lang='lat' dir='ltr'>posita</span> <span class='ocrx_word' id='word_1_259' title='bbox 472 2894 538 2948; x_wconf 89' lang='lat' dir='ltr'>sunt,</span> <span class='ocrx_word' id='word_1_260' title='bbox 557 2890 601 2937; x_wconf 91' lang='lat' dir='ltr'>sed</span> <span class='ocrx_word' id='word_1_261' title='bbox 618 2904 648 2936; x_wconf 86' lang='lat' dir='ltr'>ex</span> <span class='ocrx_word' id='word_1_262' title='bbox 664 2890 711 2937; x_wconf 90' lang='lat' dir='ltr'>hoc</span> <span class='ocrx_word' id='word_1_263' title='bbox 729 2890 790 2937; x_wconf 88' lang='lat' dir='ltr'>illud</span> <span class='ocrx_word' id='word_1_264' title='bbox 809 2895 847 2938; x_wconf 90' lang='lat' dir='ltr'>eet</span> <span class='ocrx_word' id='word_1_265' title='bbox 861 2891 1046 2938; x_wconf 87' lang='lat' dir='ltr'>consectarium.</span> <span class='ocrx_word' id='word_1_266' title='bbox 1082 2890 1210 2939; x_wconf 88' lang='lat' dir='ltr'><strong><em>Habemus</em></strong></span> <span class='ocrx_word' id='word_1_267' title='bbox 1227 2890 1304 2950; x_wconf 77' lang='lat' dir='ltr'>igitur</span> 
     </span>
     <span class='ocr_line' id='line_1_30' title="bbox 274 2974 1302 3035; baseline -0.003 -11"><span class='ocrx_word' id='word_1_268' title='bbox 274 2982 325 3024; x_wconf 90' lang='lat' dir='ltr'>tres</span> <span class='ocrx_word' id='word_1_269' title='bbox 343 2981 438 3023; x_wconf 85' lang='lat' dir='ltr'>tantum</span> <span class='ocrx_word' id='word_1_270' title='bbox 456 2989 550 3034; x_wconf 87' lang='lat' dir='ltr'>causas,</span> <span class='ocrx_word' id='word_1_271' title='bbox 569 2976 659 3035; x_wconf 86' lang='lat' dir='ltr'>quibus</span> <span class='ocrx_word' id='word_1_272' title='bbox 671 2974 785 3024; x_wconf 79' lang='lat' dir='ltr'>Caesaris</span> <span class='ocrx_word' id='word_1_273' title='bbox 802 2976 866 3023; x_wconf 88' lang='lat' dir='ltr'>ratio</span> <span class='ocrx_word' id='word_1_274' title='bbox 884 2975 1038 3025; x_wconf 73' lang='lat' dir='ltr'><strong><em>defendatur.</em></strong></span> <span class='ocrx_word' id='word_1_275' title='bbox 1066 2977 1136 3023; x_wconf 84' lang='lat' dir='ltr'>inira</span> <span class='ocrx_word' id='word_1_276' title='bbox 1154 2976 1243 3023; x_wconf 91' lang='lat' dir='ltr'>deinde</span> <span class='ocrx_word' id='word_1_277' title='bbox 1262 2991 1302 3023; x_wconf 88' lang='lat' dir='ltr'><strong><em>ex·</em></strong></span> 
     </span>
     <span class='ocr_line' id='line_1_31' title="bbox 274 3061 1302 3122; baseline 0 -14"><span class='ocrx_word' id='word_1_278' title='bbox 274 3066 380 3122; x_wconf 90' lang='lat' dir='ltr'>ponetur</span> <span class='ocrx_word' id='word_1_279' title='bbox 397 3064 433 3121; x_wconf 85' lang='lat' dir='ltr'>(v.</span> <span class='ocrx_word' id='word_1_280' title='bbox 451 3075 507 3121; x_wconf 81' lang='lat' dir='ltr'>pag.</span> <span class='ocrx_word' id='word_1_281' title='bbox 522 3063 554 3108; x_wconf 81' lang='lat'>53</span> <span class='ocrx_word' id='word_1_282' title='bbox 573 3062 630 3110; x_wconf 88' lang='lat' dir='ltr'><strong><em>adn.</em></strong></span> <span class='ocrx_word' id='word_1_283' title='bbox 646 3063 674 3120; x_wconf 79' lang='grc'>3)</span> <span class='ocrx_word' id='word_1_284' title='bbox 694 3062 763 3119; x_wconf 79' lang='grc'>19,3</span> <span class='ocrx_word' id='word_1_285' title='bbox 782 3062 927 3122; x_wconf 88' lang='lat' dir='ltr'>scriptorem</span> <span class='ocrx_word' id='word_1_286' title='bbox 944 3061 1027 3108; x_wconf 89' lang='lat' dir='ltr'>omnia</span> <span class='ocrx_word' id='word_1_287' title='bbox 1044 3062 1166 3121; x_wconf 88' lang='lat' dir='ltr'><strong><em>turbasse,</em></strong></span> <span class='ocrx_word' id='word_1_288' title='bbox 1185 3075 1240 3108; x_wconf 90' lang='lat' dir='ltr'>cum</span> <span class='ocrx_word' id='word_1_289' title='bbox 1253 3076 1302 3108; x_wconf 91' lang='lat' dir='ltr'>non</span> 
     </span>
     <span class='ocr_line' id='line_1_32' title="bbox 275 3145 1303 3208; baseline 0 -15"><span class='ocrx_word' id='word_1_290' title='bbox 275 3148 296 3194; x_wconf 95' lang='lat' dir='ltr'>is</span> <span class='ocrx_word' id='word_1_291' title='bbox 314 3151 387 3206; x_wconf 85' lang='lat' dir='ltr'>asset,</span> <span class='ocrx_word' id='word_1_292' title='bbox 415 3146 456 3208; x_wconf 90' lang='lat' dir='ltr'>qui</span> <span class='ocrx_word' id='word_1_293' title='bbox 475 3150 559 3207; x_wconf 88' lang='lat' dir='ltr'>aptam</span> <span class='ocrx_word' id='word_1_294' title='bbox 577 3148 744 3195; x_wconf 77' lang='lat' dir='ltr'>conformaret</span> <span class='ocrx_word' id='word_1_295' title='bbox 761 3148 897 3195; x_wconf 89' lang='lat' dir='ltr'>orationem</span> <span class='ocrx_word' id='word_1_296' title='bbox 915 3147 1049 3206; x_wconf 86' lang='lat' dir='ltr'>obliquam.</span> <span class='ocrx_word' id='word_1_297' title='bbox 1084 3147 1168 3194; x_wconf 87' lang='lat' dir='ltr'>Strues</span> <span class='ocrx_word' id='word_1_298' title='bbox 1185 3145 1230 3194; x_wconf 90' lang='lat' dir='ltr'>ilia</span> <span class='ocrx_word' id='word_1_299' title='bbox 1247 3161 1303 3193; x_wconf 86' lang='lat' dir='ltr'>ver-</span> 
     </span>
     <span class='ocr_line' id='line_1_33' title="bbox 274 3231 1303 3292; baseline 0.002 -14"><span class='ocrx_word' id='word_1_300' title='bbox 274 3231 363 3278; x_wconf 90' lang='lat' dir='ltr'>borum</span> <span class='ocrx_word' id='word_1_301' title='bbox 381 3245 470 3291; x_wconf 80' lang='lat' dir='ltr'>magna</span> <span class='ocrx_word' id='word_1_302' title='bbox 488 3247 518 3278; x_wconf 88' lang='lat' dir='ltr'>ex</span> <span class='ocrx_word' id='word_1_303' title='bbox 537 3237 607 3292; x_wconf 88' lang='lat' dir='ltr'>parte</span> <span class='ocrx_word' id='word_1_304' title='bbox 625 3237 682 3279; x_wconf 87' lang='lat' dir='ltr'>nata</span> <span class='ocrx_word' id='word_1_305' title='bbox 701 3238 741 3280; x_wconf 87' lang='lat' dir='ltr'>est</span> <span class='ocrx_word' id='word_1_306' title='bbox 758 3232 823 3290; x_wconf 90' lang='lat' dir='ltr'>inde,</span> <span class='ocrx_word' id='word_1_307' title='bbox 838 3234 904 3291; x_wconf 88' lang='lat' dir='ltr'>qnod</span> <span class='ocrx_word' id='word_1_308' title='bbox 922 3233 1075 3280; x_wconf 87' lang='lat' dir='ltr'>enuntiatum</span> <span class='ocrx_word' id='word_1_309' title='bbox 1090 3239 1113 3279; x_wconf 88' lang='lat' dir='ltr'>et</span> <span class='ocrx_word' id='word_1_310' title='bbox 1124 3231 1303 3280; x_wconf 74' lang='lat' dir='ltr'>dababienum</span> 
     </span>
     <span class='ocr_line' id='line_1_34' title="bbox 275 3315 1302 3379; baseline 0.002 -15"><span class='ocrx_word' id='word_1_311' title='bbox 275 3315 365 3364; x_wconf 81' lang='lat' dir='ltr'>dixisse</span> <span class='ocrx_word' id='word_1_312' title='bbox 383 3346 428 3363; x_wconf 86' lang='lat'>...</span> <span class='ocrx_word' id='word_1_313' title='bbox 447 3317 552 3363; x_wconf 88' lang='lat' dir='ltr'>formam</span> <span class='ocrx_word' id='word_1_314' title='bbox 570 3318 678 3365; x_wconf 89' lang='lat' dir='ltr'>ostendit</span> <span class='ocrx_word' id='word_1_315' title='bbox 696 3319 832 3367; x_wconf 89' lang='lat' dir='ltr'>sententiae</span> <span class='ocrx_word' id='word_1_316' title='bbox 850 3319 989 3379; x_wconf 88' lang='lat' dir='ltr'>primariae,</span> <span class='ocrx_word' id='word_1_317' title='bbox 1008 3333 1063 3365; x_wconf 90' lang='lat' dir='ltr'>cum</span> <span class='ocrx_word' id='word_1_318' title='bbox 1081 3334 1111 3367; x_wconf 88' lang='lat' dir='ltr'>ex</span> <span class='ocrx_word' id='word_1_319' title='bbox 1125 3318 1302 3366; x_wconf 85' lang='lat' dir='ltr'>sententiarum</span> 
     </span>
     <span class='ocr_line' id='line_1_35' title="bbox 274 3400 1301 3469; baseline 0.001 -21"><span class='ocrx_word' id='word_1_320' title='bbox 274 3416 388 3448; x_wconf 80' lang='lat' dir='ltr'>connexu</span> <span class='ocrx_word' id='word_1_321' title='bbox 406 3401 557 3449; x_wconf 89' lang='lat' dir='ltr'>enuntiatum</span> <span class='ocrx_word' id='word_1_322' title='bbox 575 3405 708 3451; x_wconf 87' lang='lat' dir='ltr'><strong><em>causale</em></strong></span> <span class='ocrx_word' id='word_1_323' title='bbox 726 3405 758 3450; x_wconf 91' lang='lat' dir='ltr'>sit</span> <span class='ocrx_word' id='word_1_324' title='bbox 775 3409 903 3464; x_wconf 81' lang='lat' dir='ltr'>oporteat:</span> <span class='ocrx_word' id='word_1_325' title='bbox 921 3418 960 3452; x_wconf 90' lang='lat' dir='ltr'>eos</span> <span class='ocrx_word' id='word_1_326' title='bbox 978 3400 1081 3469; x_wconf 85' lang='lat' dir='ltr'>(hostes)</span> <span class='ocrx_word' id='word_1_327' title='bbox 1099 3403 1146 3450; x_wconf 82' lang='lat' dir='ltr'>bac</span> <span class='ocrx_word' id='word_1_328' title='bbox 1162 3409 1236 3451; x_wconf 88' lang='lat' dir='ltr'>mente</span> <span class='ocrx_word' id='word_1_329' title='bbox 1254 3438 1260 3450; x_wconf 92' lang='lat'>.</span> <span class='ocrx_word' id='word_1_330' title='bbox 1275 3437 1301 3450; x_wconf 89' lang='lat'>..</span> 
     </span>
     <span class='ocr_line' id='line_1_36' title="bbox 275 3486 1303 3551; baseline 0.002 -16"><span class='ocrx_word' id='word_1_331' title='bbox 275 3486 378 3545; x_wconf 81' lang='lat' dir='ltr'>oenism,</span> <span class='ocrx_word' id='word_1_332' title='bbox 406 3493 432 3534; x_wconf 91' lang='lat' dir='ltr'>ut</span> <span class='ocrx_word' id='word_1_333' title='bbox 528 3488 617 3535; x_wconf 91' lang='lat' dir='ltr'>tirones</span> <span class='ocrx_word' id='word_1_334' title='bbox 711 3490 864 3537; x_wconf 83' lang='lat' dir='ltr'>circumuenti</span> <span class='ocrx_word' id='word_1_335' title='bbox 884 3491 1087 3551; x_wconf 82' lang='lat' dir='ltr'>opprimerentur,</span> <span class='ocrx_word' id='word_1_336' title='bbox 1113 3505 1164 3537; x_wconf 87' lang='lat' dir='ltr'>cum</span> <span class='ocrx_word' id='word_1_337' title='bbox 1182 3489 1303 3537; x_wconf 65' lang='lat' dir='ltr'>menras</span> 
     </span>
     <span class='ocr_line' id='line_1_37' title="bbox 275 3572 1302 3623; baseline 0.004 -5"><span class='ocrx_word' id='word_1_338' title='bbox 275 3572 374 3620; x_wconf 73' lang='lat' dir='ltr'>dixisset</span> <span class='ocrx_word' id='word_1_339' title='bbox 474 3588 499 3620; x_wconf 88' lang='lat' dir='ltr'>se</span> <span class='ocrx_word' id='word_1_340' title='bbox 525 3579 617 3620; x_wconf 89' lang='lat' dir='ltr'>tantam</span> <span class='ocrx_word' id='word_1_341' title='bbox 642 3574 814 3622; x_wconf 80' lang='lat' dir='ltr'>multitudinem</span> <span class='ocrx_word' id='word_1_342' title='bbox 840 3575 986 3623; x_wconf 70' lang='lat' dir='ltr'>acediosum</span> <span class='ocrx_word' id='word_1_343' title='bbox 1010 3576 1161 3623; x_wconf 83' lang='lat' dir='ltr'>aduersariis</span> <span class='ocrx_word' id='word_1_344' title='bbox 1188 3573 1302 3623; x_wconf 79' lang='lat' dir='ltr'>Caesaris</span> 
     </span>
     <span class='ocr_line' id='line_1_38' title="bbox 275 3658 1301 3721; baseline 0.001 -15"><span class='ocrx_word' id='word_1_345' title='bbox 275 3658 523 3717; x_wconf 67' lang='lat' dir='ltr'>subministraturum,</span> <span class='ocrx_word' id='word_1_346' title='bbox 551 3666 578 3706; x_wconf 89' lang='lat' dir='ltr'>ut</span> <span class='ocrx_word' id='word_1_347' title='bbox 671 3660 820 3708; x_wconf 72' lang='lat' dir='ltr'>vinceremur</span> <span class='ocrx_word' id='word_1_348' title='bbox 914 3669 985 3721; x_wconf 82' lang='lat' dir='ltr'><strong><em>utque</em></strong></span> <span class='ocrx_word' id='word_1_349' title='bbox 1009 3668 1187 3721; x_wconf 82' lang='lat' dir='ltr'>superarentur.</span> <span class='ocrx_word' id='word_1_350' title='bbox 1223 3661 1301 3708; x_wconf 85' lang='lat' dir='ltr'>Simul</span> 
     </span>
     <span class='ocr_line' id='line_1_39' title="bbox 276 3744 1301 3808; baseline 0.004 -18"><span class='ocrx_word' id='word_1_351' title='bbox 276 3744 334 3791; x_wconf 89' lang='lat' dir='ltr'>inde</span> <span class='ocrx_word' id='word_1_352' title='bbox 352 3744 443 3791; x_wconf 85' lang='lat' dir='ltr'>factum</span> <span class='ocrx_word' id='word_1_353' title='bbox 461 3749 506 3802; x_wconf 91' lang='lat' dir='ltr'>est,</span> <span class='ocrx_word' id='word_1_354' title='bbox 524 3748 551 3790; x_wconf 92' lang='lat' dir='ltr'>ut</span> <span class='ocrx_word' id='word_1_355' title='bbox 568 3745 658 3792; x_wconf 88' lang='lat' dir='ltr'>tirones</span> <span class='ocrx_word' id='word_1_356' title='bbox 674 3745 804 3804; x_wconf 65' lang='lat' dir='ltr'>acimaas·</span> <span class='ocrx_word' id='word_1_357' title='bbox 819 3760 868 3793; x_wconf 93' lang='lat' dir='ltr'>non</span> <span class='ocrx_word' id='word_1_358' title='bbox 888 3747 935 3794; x_wconf 91' lang='lat' dir='ltr'>nisi</span> <span class='ocrx_word' id='word_1_359' title='bbox 953 3746 1083 3795; x_wconf 87' lang='lat' dir='ltr'>durissime</span> <span class='ocrx_word' id='word_1_360' title='bbox 1101 3746 1185 3794; x_wconf 85' lang='lat' dir='ltr'>verbis</span> <span class='ocrx_word' id='word_1_361' title='bbox 1203 3761 1301 3808; x_wconf 87' lang='lat' dir='ltr'>superu-</span> 
     </span>
     <span class='ocr_line' id='line_1_40' title="bbox 275 3830 1301 3892; baseline 0.002 -17"><span class='ocrx_word' id='word_1_362' title='bbox 275 3835 359 3876; x_wconf 89' lang='lat' dir='ltr'>rentur</span> <span class='ocrx_word' id='word_1_363' title='bbox 379 3837 450 3889; x_wconf 79' lang='lat' dir='ltr'><strong><em>utque</em></strong></span> <span class='ocrx_word' id='word_1_364' title='bbox 534 3831 685 3877; x_wconf 80' lang='lat' dir='ltr'>vincerentur</span> <span class='ocrx_word' id='word_1_365' title='bbox 710 3836 737 3876; x_wconf 90' lang='lat' dir='ltr'>ut</span> <span class='ocrx_word' id='word_1_366' title='bbox 762 3830 898 3878; x_wconf 90' lang='lat' dir='ltr'>subiectum</span> <span class='ocrx_word' id='word_1_367' title='bbox 916 3831 1025 3892; x_wconf 89' lang='lat' dir='ltr'>suppleri</span> <span class='ocrx_word' id='word_1_368' title='bbox 1043 3832 1147 3891; x_wconf 85' lang='lat' dir='ltr'>possint.</span> <span class='ocrx_word' id='word_1_369' title='bbox 1184 3833 1246 3878; x_wconf 91' lang='lat' dir='ltr'>ltem</span> <span class='ocrx_word' id='word_1_370' title='bbox 1263 3832 1301 3877; x_wconf 91' lang='lat' dir='ltr'>in·</span> 
     </span>
     <span class='ocr_line' id='line_1_41' title="bbox 275 3915 1300 3977; baseline 0.002 -16"><span class='ocrx_word' id='word_1_371' title='bbox 275 3915 451 3972; x_wconf 78' lang='lat' dir='ltr'>elegantiorem</span> <span class='ocrx_word' id='word_1_372' title='bbox 469 3930 536 3963; x_wconf 88' lang='lat' dir='ltr'>more</span> <span class='ocrx_word' id='word_1_373' title='bbox 554 3930 598 3963; x_wconf 87' lang='lat' dir='ltr'>suo</span> <span class='ocrx_word' id='word_1_374' title='bbox 615 3916 744 3976; x_wconf 85' lang='lat' dir='ltr'>parataxin</span> <span class='ocrx_word' id='word_1_375' title='bbox 758 3917 874 3976; x_wconf 89' lang='lat' dir='ltr'>praetulit</span> <span class='ocrx_word' id='word_1_376' title='bbox 886 3919 926 3976; x_wconf 74' lang='lat' dir='ltr'>ta,</span> <span class='ocrx_word' id='word_1_377' title='bbox 941 3921 963 3977; x_wconf 89' lang='lat'>1,</span> <span class='ocrx_word' id='word_1_378' title='bbox 982 3917 1024 3964; x_wconf 91' lang='lat' dir='ltr'>ubi</span> <span class='ocrx_word' id='word_1_379' title='bbox 1037 3930 1124 3965; x_wconf 83' lang='lat' dir='ltr'>causas</span> <span class='ocrx_word' id='word_1_380' title='bbox 1137 3917 1300 3976; x_wconf 83' lang='lat' dir='ltr'>expositurus,</span> 
     </span>
     <span class='ocr_line' id='line_1_42' title="bbox 275 3999 1302 4062; baseline 0.003 -17"><span class='ocrx_word' id='word_1_381' title='bbox 275 3999 365 4058; x_wconf 90' lang='lat' dir='ltr'>quibus</span> <span class='ocrx_word' id='word_1_382' title='bbox 382 4002 473 4048; x_wconf 85' lang='lat' dir='ltr'>iactum</span> <span class='ocrx_word' id='word_1_383' title='bbox 491 4001 531 4060; x_wconf 90' lang='lat' dir='ltr'>sit,</span> <span class='ocrx_word' id='word_1_384' title='bbox 558 4007 583 4048; x_wconf 90' lang='lat' dir='ltr'>ut</span> <span class='ocrx_word' id='word_1_385' title='bbox 602 4001 745 4050; x_wconf 85' lang='lat' dir='ltr'>Caesariani</span> <span class='ocrx_word' id='word_1_386' title='bbox 762 4002 834 4062; x_wconf 68' lang='lat' dir='ltr'>gram</span> <span class='ocrx_word' id='word_1_387' title='bbox 852 4016 951 4050; x_wconf 88' lang='lat' dir='ltr'>annona</span> <span class='ocrx_word' id='word_1_388' title='bbox 968 4003 1160 4062; x_wconf 90' lang='lat' dir='ltr'>adflictarentur,</span> <span class='ocrx_word' id='word_1_389' title='bbox 1184 4005 1302 4061; x_wconf 88' lang='lat' dir='ltr'>quattuor</span> 
     </span>
     <span class='ocr_line' id='line_1_43' title="bbox 274 4083 1301 4147; baseline 0.001 -15"><span class='ocrx_word' id='word_1_390' title='bbox 274 4083 369 4132; x_wconf 86' lang='lat' dir='ltr'>adiarra</span> <span class='ocrx_word' id='word_1_391' title='bbox 394 4085 502 4147; x_wconf 86' lang='lat' dir='ltr'>videtur,</span> <span class='ocrx_word' id='word_1_392' title='bbox 527 4087 640 4146; x_wconf 90' lang='lat' dir='ltr'>primam,</span> <span class='ocrx_word' id='word_1_393' title='bbox 667 4085 733 4147; x_wconf 75' lang='lat' dir='ltr'>quod</span> <span class='ocrx_word' id='word_1_394' title='bbox 751 4085 854 4135; x_wconf 83' lang='lat' dir='ltr'>nondum</span> <span class='ocrx_word' id='word_1_395' title='bbox 872 4120 918 4137; x_wconf 87' lang='lat'>...</span> <span class='ocrx_word' id='word_1_396' title='bbox 937 4087 969 4137; x_wconf 89' lang='lat' dir='ltr'>ab</span> <span class='ocrx_word' id='word_1_397' title='bbox 986 4087 1074 4136; x_wconf 61' lang='lat' dir='ltr'>denaia</span> <span class='ocrx_word' id='word_1_398' title='bbox 1157 4093 1301 4138; x_wconf 85' lang='lat' dir='ltr'>commeatus</span> 
     </span>
    </p>
   </div>
   <div class='ocr_carea' id='block_1_4' title="bbox 0 0 1440 4778">
    <p class='ocr_par' dir='ltr' id='par_1_5' title="bbox 0 0 1440 4778">
     <span class='ocr_line' id='line_1_44' title="bbox 0 0 1440 4778; baseline 0 1"><span class='ocrx_word' id='word_1_399' title='bbox 0 0 1440 4778; x_wconf 95' lang='lat' dir='ltr'> </span> 
     </span>
    </p>
   </div>
  </div>
 </body>
</html>
