2872 4778
600 325 834 394 „108-

205 501 383 562 Vielhaber:
404 501 534 579 singulos
556 521 615 559 non
636 500 761 578 amplius
775 501 901 578 singulis
916 500 1023 559 udditt's
1038 501 1142 559 seron.
1180 502 1237 562 Sed

202 605 295 665 multo
326 604 443 664 facilius
472 609 502 665 ct
532 603 698 679 elegantius
720 603 881 678 Kiessling.
914 602 1073 678 genuinam
1100 603 1236 664 restituit

204 708 395 784 scripturam,
424 728 490 768 cum
520 706 724 784 perspexisset
752 708 842 765 trudit
870 726 919 765 eos
947 707 1024 765 male
1054 705 1236 784 diremptum

203 831 267 872 esse
298 831 335 871 ex
367 813 500 870 traditos.
544 812 619 869 Nam
651 811 731 888 quod
761 812 788 868 A
811 810 935 886 praebet
957 810 1093 884 tradidit,
1124 810 1236 870 nullius

204 920 250 975 est
270 913 423 974 momenti.

290 1017 340 1092 57,
362 1023 380 1078 8
406 1036 458 1075 usu
481 1019 590 1075 venisse
612 1016 666 1075 doe
687 1019 747 1075 cini
766 1017 894 1075 Romano
914 1047 948 1060 -
967 1013 1084 1096 [Iubae]
1109 1015 1234 1076 barbaro

203 1154 243 1167 —
268 1121 457 1180 oboedientem
477 1119 571 1198 suesce
592 1153 645 1176 —.

290 1223 456 1297 Adiectiva,
488 1242 563 1302 quae
590 1220 623 1281 in
650 1221 755 1298 lingue
777 1226 878 1282 nostra
899 1222 996 1281 locum
1019 1225 1126 1282 tonent
1148 1222 1234 1283 attri-

203 1327 283 1402 buti,
313 1327 345 1386 in
377 1326 470 1386 latina
501 1323 677 1403 pronomine
707 1325 756 1384 vel
787 1323 975 1385 substantivo
1003 1324 1103 1385 addito
1126 1331 1160 1385 ut
1182 1346 1233 1402 ap-

202 1429 312 1506 positio
335 1430 449 1490 nomini
470 1428 592 1506 proprio
615 1428 738 1503 adiungi
754 1428 860 1488 solent.
895 1427 952 1487 Sed
968 1428 1045 1489 hanc
1059 1429 1157 1504 legem
1172 1450 1231 1489 non

203 1554 306 1594 severe
334 1536 520 1595 observatam
551 1552 615 1592 esse
644 1534 788 1608 probatur
818 1530 878 1592 (lic.
908 1533 945 1590 de
975 1549 1037 1590 sen.
1061 1536 1100 1590 54
1132 1533 1232 1590 doetus

203 1637 353 1695 Hesiodus.
412 1639 450 1696 73
482 1635 598 1694 Solonis
630 1667 673 1679 —
705 1636 846 1712 sapientis
876 1634 1011 1710 elogium.
1064 1633 1133 1694 Tac.
1163 1653 1231 1715 ann.

202 1739 293 1812 XIII,
317 1743 356 1797 55
386 1739 487 1796 claros
514 1771 556 1782 -
578 1747 608 1796 et
627 1771 671 1781 —
693 1737 778 1814 fidus
801 1771 840 1781 —
865 1737 1029 1795 Boiocalus.
1074 1737 1233 1796 Praeterea

202 1846 301 1900 autem
331 1840 418 1899 Inbue
448 1860 557 1900 nomen
587 1840 742 1919 proprium
770 1839 838 1900 ideo
869 1839 935 1900 tolli
964 1838 1128 1912 nonlicet,
1162 1838 1233 1918 quia

202 1943 365 2020 opponitur
386 1942 556 2023 Insequenti
580 1945 738 2020 Scipionis

288 2052 337 2121 59,
365 2052 378 2105 l
403 2048 611 2125 conloenrntl)
634 2049 662 2106 in
682 2045 788 2125 fronte
809 2065 879 2104 suus
901 2046 945 2126 [et
965 2043 1065 2124 Inbue]
1090 2046 1229 2122 legiones,

197 2159 264 2228 poet
286 2145 366 2227 [eos]
388 2158 480 2208 nectem
496 2150 638 2208 Numidas
661 2152 689 2207 in
714 2146 892 2207 snbszdr'urin
917 2150 979 2206 nete
1000 2149 1042 2206 ito
1062 2157 1233 2207 ectendntos

201 2252 245 2332 [et
271 2254 300 2310 in
323 2253 529 2329 longitudinem
552 2248 691 2332 deiectos]
720 2260 751 2308 nt
776 2251 884 2328 procul
910 2252 1035 2327 simplex
1063 2270 1124 2309 esse
1154 2253 1232 2310 ecies

202 2357 294 2414 medin
320 2355 370 2434 [ab
392 2356 562 2432 legionariis
583 2354 737 2436 militibus]
760 2354 905 2413 videretur
928 2352 972 2433 [in
988 2352 1124 2412 cornibus
1138 2364 1231 2412 nutem

201 2458 309 2535 duplex
330 2477 391 2515 esse
413 2457 659 2538 existimabatur}

288 2561 381 2618 Recte
402 2559 555 2618 intellexit
570 2559 617 2618 W.
637 2559 670 2618 in
685 2558 781 2636 prima
796 2559 859 2618 acie
874 2560 970 2620 solum
985 2559 1081 2619 locum
1096 2560 1229 2622 tenuisse

203 2660 409 2738 Scipionis
438 2659 580 2736 legiones,
610 2663 734 2722 Iubae
755 2661 889 2738 legiones
911 2662 1087 2723 substItutcs
1110 2683 1175 2724 esse
1196 2665 1229 2723 in

203 2764 381 2826 subsidiaria
403 2765 477 2827 acie.
515 2763 581 2829 Qua
602 2765 639 2825 de
661 2785 757 2839 causa,
779 2785 845 2825 cum
868 2770 899 2827 et
921 2768 1012 2826 Iubae
1035 2772 1066 2827 et
1079 2766 1229 2844 Scipionis

201 2869 388 2951 Labienique
410 2869 601 2930 Numidae
623 2869 769 2942 adessent,
793 2870 872 2948 quod
891 2869 949 2929 iam
965 2869 1083 2947 saepius
1097 2870 1228 2930 animad-

201 2971 345 3034 vertimus
368 2972 432 3052 (cfr.
450 2973 487 3032 ad
503 2979 531 3046 2,
549 2973 589 3051 5),
613 2991 718 3031 nomen
741 2971 829 3030 lubre
851 2975 949 3032 sedem
972 2973 1102 3036 mutavit
1122 2979 1153 3034 ot
1174 2995 1227 3034 suo

200 3079 269 3153 poet
288 3077 428 3134 Numidas
456 3075 521 3136 loco
551 3075 766 3135 restituendum
788 3079 842 3135 est.
887 3075 1003 3137 Deinde
1026 3078 1073 3139 W.
1095 3097 1157 3138 non
1181 3097 1226 3136 re-

200 3178 281 3254 cepit
312 3178 476 3255 Nipperdei
511 3176 748 3239 emendationem
785 3177 848 3256 (ens
884 3200 936 3258 pro
974 3179 1129 3257 archetypi
1162 3200 1226 3240 cor·

200 3280 317 3356 ruptelc
345 3282 402 3357 en),
434 3283 486 3341 sed
517 3300 551 3339 ee
585 3281 684 3341 delere
717 3282 867 3361 praetulit.
918 3281 1098 3342 Pronomine
1128 3288 1226 3343 autem

201 3382 309 3457 deleto,
338 3382 517 3462 quicumque
539 3384 627 3459 leget,
652 3394 719 3461 post
741 3385 875 3445 voculam
898 3405 958 3445 non
980 3384 1154 3445 adverbium
1175 3387 1228 3445 sed

200 3485 453 3564 praepositionem
484 3506 547 3547 esse
576 3491 657 3546 ratus
682 3487 842 3564 coniungat
869 3497 1050 3566 portantem
1073 3487 1224 3547 Numidae.

200 3589 260 3650 Sed
288 3591 345 3651 boc
373 3589 486 3665 levius3
519 3589 640 3666 gravius
670 3590 703 3651 id
731 3592 810 3670 quod
831 3591 881 3652 hic
904 3591 1030 3668 scriptor
1052 3590 1226 3652 adverbium

196 3703 266 3770 post
294 3714 447 3775 nunquam
474 3694 631 3771 usurpavit
661 3695 698 3754 ad
727 3693 785 3754 loci
812 3679 1002 3772 sed'semper
1022 3696 1061 3755 ad
1082 3693 1227 3772 temporis

200 3796 352 3857 notionem
374 3796 606 3872 significandam.
650 3797 703 3858 cir.
728 3801 776 3870 18,
801 3801 817 3856 5
842 3797 970 3858 hostibus
995 3831 1037 3843 -
1061 3806 1133 3876 post
1153 3798 1228 3856 colle

271 4018 296 4085 1)
315 4017 456 4069 mmoobat
473 4017 504 4070 0.
523 4033 570 4070 em.
589 4018 688 4068 Novak.
